4786 5996
1243 589 1301 604 ...
1366 549 1427 630 44
1480 589 1538 606 ...

603 749 687 848 Spr.
714 746 827 847 (Syst.
853 745 947 842 ch„
976 743 1005 814 1.
1042 740 1145 838 918.)
1184 715 1268 814 fide'
1280 736 1500 840 speciminis
1525 761 1548 810 a
1573 735 1822 826 Gusso'nio
1856 737 1980 834 missi,
2012 743 2118 845 quod
2155 746 2197 820 iu

603 869 781 946 herbario
807 870 967 945 amiciss.
993 863 1373 943 Reichen'bacbii
1398 863 1705 956 examinavimus,
1730 867 1862 965 nequit
1891 866 1964 942 uisi
1988 897 2094 946 mera
2118 872 2198 971 ejus

602 997 735 1074 baberi
757 998 925 1072 varietas.
975 995 1088 1070 Haud
1114 993 1222 1068 aliter
1244 994 1344 1068 enim
1378 988 1506 1066 differt
1540 991 1615 1064 nisi
1646 989 1789 1066 foliolis
1823 997 1945 1071 ovatis
1986 999 2049 1074 vix
2079 999 2198 1103 duplo

604 1125 861 1228 longioribus,
884 1149 998 1230 quam
1025 1121 1223 1196 latioribus
1249 1135 1285 1194 et
1310 1121 1360 1196 ad
1388 1124 1496 1194 Las.
1529 1118 1929 1219 peucedanoides
1965 1125 2093 1230 itaque
2128 1155 2201 1203 eo-

605 1256 692 1330 dem
718 1254 836 1330 modo
861 1281 902 1328 sc
938 1249 1072 1344 habet,
1112 1251 1167 1323 uti
1206 1253 1312 1324 Las.
1339 1248 1649 1350 'garganicum
1680 1251 1774 1322 Ten.
1799 1247 1849 1320 ad
1875 1252 1978 1326 Las.
2001 1253 2131 1332 Siler
2156 1258 2200 1330 L.

606 1382 711 1480 cujus
737 1381 891 1483 quidem
916 1378 1010 1454 illud
1036 1392 1111 1472 est,
1137 1374 1221 1478 ipso
1248 1374 1539 1479 Sprcngelio
1565 1373 1780 1467 nobiscum,
1801 1378 1998 1476 sentientc,
2024 1383 2107 1458 sola
2132 1411 2199 1462 ra-

603 1514 728 1587 rictas.
787 1512 941 1584 Caetera
965 1505 1067 1582 enim
1092 1509 1240 1601 omnia,
1273 1521 1312 1580 et
1341 1507 1514 1609 iitprimis
1536 1510 1705 1600 fructus,
1730 1510 2125 1586 exacte'conveuiunt.

718 1733 1045 1836 Laserpitium
1088 1729 1449 1832 Archangelica
1497 1729 1624 1808 wulf.
1700 1731 1869 1832 Insignis
1903 1731 2015 1831 hujus
2051 1707 2200 1838 speciei

608 1889 722 1965 quam
750 1864 861 1938 etiam
896 1861 937 1935 in
962 1853 1172 1960 subalpinis
1205 1861 1381 1938 Austriac
1418 1858 1621 1965 superioris
1652 1885 1829 2005 prope
1813 1858 1999 1937 Hallstadt
2028 1862 2198 1966 legimus,

605 1996 749 2068 fructus
805 1991 853 2066 ad
902 1987 1144 2090 Thapsiae
1189 1984 1298 2064 valde
1334 1987 1496 2062 accedit:
1550 1986 1631 2066 alae
1678 1990 1782 2074 enim
1815 1987 1995 2104 seminis·
2010 1990 2196 2104 dorsales

604 2145 802 2222 nunquam
827 2119 927 2194 ultra
952 2116 1148 2192 dimidium
1175 2110 1316 2187 habent
1335 2112 1542 2217 latitudiuis
1568 2115 1798 2212 lateralium,
1832 2089 1899 2198 sed
1921 2093 2003 2193 non
2028 2146 2115 2195 raro
2144 2148 2197 2204 uc

606 2245 705 2322 hanc
732 2246 886 2349 quidem
913 2244 1119 2347 attingunt,
1153 2246 1305 2318 immo
1295 2268 1405 2342 saepe
1430 2247 1588 2338 omnino
1614 2246 1760 2322 desunt.
1812 2249 1881 2323 His
1906 2213 2045 2335 similes
2070 2251 2199 2328 varia-

603 2375 730 2450 tiones
765 2377 804 2448 in
837 2373 937 2450 Tha
948 2400 1082 2476 psrae
1115 2371 1326 2450 villosae
1362 2375 1503 2448 semine
1538 2389 1763 2476 occurrunt,
1800 2393 1836 2452 et
1871 2377 2059 2451 easdem
2047 2403 2087 2451 m
2110 2380 2198 2454 La-

606 2503 802 2605 serpitii
825 2502 1071 2606 prutenici
1106 2501 1291 2580 fructibus
1317 2531 1470 2608 quoque
1497 2501 1712 2584 observavit
1738 2504 2024 2582 Candollius
2047 2505 2198 2602 (Prode.

606 2635 671 2710 1v.
697 2633 810 2734 206.)
911 2757 915 2766 .

722 2821 1051 2962 Laserpitium
1089 2853 1279 2948 Hallcri
1312 2859 1386 2936 All.
1437 2859 1560 2959 Hujus
1586 2807 1811 2963 synonyma,
1843 2887 1887 2936 ex
1921 2836 2196 2962 antiquioribus

605 2995 755 3095 scriptis
782 2985 1072 3094 -petita,·valde
1101 2979 1189 3062 sunt
1226 2985 1352 3063 dubia.
1416 2989 1568 3065 Etenim
1606 2991 1768 3066 Panax
1802 2987 2081 3092 Asclepium
2107 3018 2195 3066 sem.

605 3119 745 3198 lolioso
782 3100 828 3197 λ(1.
859 3123 903 3195 B.
925 3119 981 3207 1²,
1017 3113 1067 3190 ab
1103 3115 1305 3191 Hallero
1347 3143 1391 3190 ac
1436 3113 1780 3195 Willdenovio
1815 3115 1890 3194 huc
1924 3118 2103 3216 relatum,
2143 3133 2198 3196 est

606 3247 818 3351 Thapsia
854 3246 1131 3349 Asclepium
1169 3247 1211 3325 L.
1274 3247 1388 3340 Quod
1414 3261 1539 3320 autem
1585 3243 1640 3321 Cl.
1672 3247 1993 3348 Sprengelius
2023 3247 2099 3322 buc
2132 3275 2197 3324 re-

608 3374 691 3450 tulit
716 3377 877 3450 Panax
912 3373 1196 3477 Asclepium
1230 3378 1343 3451 Gesu.
1368 3375 1422 3472 (io
1455 3373 1571 3452 Cord.
1595 3373 1712 3474 202.,)
1747 3401 1825 3449 noo
1851 3375 2032 3450 eustatio
2064 3391 2196 3453 nostro

607 3501 736 3577 saltem
775 3500 946 3594 Cordo,
973 3502 1272 3604 Argentoratia.
1300 3509 1399 3590 1561
1428 3505 1526 3606 typis
1556 3500 1740 3602 evulgato.
1793 3504 1832 3579 Si
1855 3504 1983 3579 forsan
2009 3502 2196 3606 intelliga-

604 3644 667 3703 tur
674 3631 844 3706 Panax
876 3630 1062 3733 Asclep.
1091 3634 1237 3707 Camer.
1264 3631 1364 3734 Epit
1389 3649 1489 3723 500,
1528 3612 1622 3706 baec
1659 3633 1861 3734 quidem
1850 3661 1937 3710 icon
1974 3647 2030 3706 est
2064 3633 2194 3707 eadem

565 3745 574 3760 ⁴
608 3781 705 3857 quae
731 3755 980 3834 Mattbioli
1008 3761 1173 3859 (Comm.
1197 3757 1256 3834 ed.
1282 3757 1409 3862 Valgr.
1441 3762 1558 3862 743.,)
1586 3787 1699 3864 quarn
1727 3761 1964 3840 Columna
1987 3759 2196 3865 (Ecphr

606 3886 685 3980 87.)
711 3881 877 3963 fictitiam
903 3888 1076 3990 adpellat
1258 3884 1261 3892 ’

1320 4135 1358 4238 g.
1414 4133 1479 4209 16.

1065 4289 1733 4416 nsucus,scsuu1n

720 4475 910 4550 Daucus
946 4473 1174 4576 hispidus
1213 4476 1339 4548 Desa.
1391 4473 1453 4548 Ad
1487 4471 1587 4548 hunc
1620 4473 1805 4575 speciem,
1842 4503 1956 4579 quam
1992 4489 2075 4552 ete
2109 4479 2194 4551 Lu-

604 4603 736 4678 sitania
771 4605 910 4678 Dauc.
946 4599 1198 4701 halophili
1239 4605 1364 4676 Brot.
1412 4604 1567 4676 nomine
1615 4601 1868 4697 obtinuimus,
1903 4603 2101 4681 reserenda
2137 4621 2191 4682 cst

604 4730 861 4808 Pastinaca
895 4729 1085 4806 hirsuta
1122 4731 1246 4832 crispa
1284 4731 1476 4806 tenuilolia
1512 4735 1621 4808 Bocc.
1652 4734 1851 4817 Sic.t.14.
1919 4735 2021 4810 Haec
2057 4735 2141 4810 icon
2171 4759 2194 4808 a
