4786 5996
1286 567 1587 648 ·-702-

646 761 816 837 stinctius
840 754 1069 860 adparebat,
1103 753 1173 832 sub
1193 759 1316 832 forma
1338 757 1500 834 laminae
1522 753 1749 856 gelatinosae
1772 754 1999 858 pellucidae3
2024 758 2130 834 simul
2154 761 2218 840 sub

645 893 751 992 apice
778 902 858 962 erat
883 885 1065 982 multum,
1098 912 1212 986 quam
1239 885 1278 958 in
1304 899 1451 961 caetero
1476 881 1642 976 ambitu,
1666 884 1836 979 tenuius,
1863 911 1942 986 quo
1964 887 2115 988 quidem
2141 886 2220 968 loco

646 1015 864 1119 embryonis
890 1015 1146 1092 rudimentum
1174 1013 1393 1116 conspectui
1418 1039 1458 1088 se
1483 1008 1704 1105 exhibebat,
1739 1010 2006 1112 corpusculum
2036 1013 2223 1094 obcorda-

645 1163 724 1219 tum
752 1145 927 1218 reserens.
980 1143 1272 1246 Perispermium
1299 1124 1459 1216 exterius
1478 1167 1523 1214 ea
1543 1155 1672 1242 parte,
1700 1167 1776 1245 qua
1797 1142 1985 1218 interioris
2009 1147 2221 1221 extremitati

644 1275 769 1348 latiori
796 1286 903 1345 antea
930 1272 1198 1346 circumfusum
1224 1283 1323 1365 erat,
1365 1296 1445 1342 non
1472 1268 1634 1371 amplius
1668 1269 1861 1372 adparuit,
1896 1269 2055 1344 durnin
2083 1287 2220 1348 caetero

645 1403 790 1481 ambitu
817 1404 1046 1503 persisteret,
1081 1396 1302 1474 membrana
1332 1401 1489 1474 interior
1510 1425 1663 1501 quoque
1684 1403 1847 1473 formam
1877 1399 2075 1502 pristinam
2100 1426 2222 1475 serra-

644 1533 729 1624 bat,
764 1527 906 1604 cellulis
939 1528 978 1600 in
1009 1529 1197 1630 superiori
1227 1530 1346 1630 ipsius
1375 1543 1481 1630 parte
1513 1529 1535 1601 i.
1557 1553 1588 1602 e.
1621 1529 1720 1608 circa
1746 1525 1995 1630 embryooem
2018 1525 2221 1616 minoribus

643 1660 870 1756 densiusque
903 1658 1145 1730 coacervatis.
1179 1698 1232 1714 -
1295 1655 1422 1732 Serius
1456 1683 1511 1730 ac
1525 1657 1730 1742 maturitati
1757 1655 1912 1757 propius
1939 1681 2055 1756 orum
2087 1657 2222 1730 exami-

596 1865 600 1868 ,
641 1783 821 1860 nantibus
842 1781 956 1855 nobis
979 1769 1196 1886 embryonis
1222 1811 1265 1858 ac
1290 1786 1527 1887 perispermii
1547 1785 1735 1860 interioris
1753 1783 1927 1884 rapidum
1943 1785 2222 1878 incrementum,

642 1939 728 1987 cum
753 1912 945 1987 exterioris
967 1937 1037 1984 nec
1061 1938 1139 1986 non
1163 1908 1405 1988 membranae
1434 1917 1601 1991 internae
1624 1917 1883 2006 decremento,
1910 1939 1989 1990 sese
2013 1914 2224 1988 manifesta-

642 2043 706 2118 rit.
759 2038 932 2139 Embryo
959 2039 1057 2110 enim
1081 2036 1188 2112 altius
1209 2039 1250 2114 in
1268 2066 1414 2136 cavum,
1442 2044 1514 2145 ipsi
1533 2045 1750 2145 recipiendo
1772 2019 2011 2132 destinatum,
2040 2042 2225 2116 descendit

641 2163 930 2270 cotyledonibus
954 2163 1072 2264 ipsius
1100 2163 1301 2266 elongatis,
1328 2197 1424 2272 quae
1443 2197 1529 2248 curn
1545 2185 1653 2246 antea
1673 2172 1757 2246 sinu
1774 2169 1913 2261 obtuso
1933 2165 2103 2264 hiarent,
2129 2197 2224 2244 nunc

641 2294 781 2394 angulo
805 2307 915 2368 acuto
938 2291 987 2367 ab
1014 2293 1174 2370 invicem
1199 2296 1339 2374 distant
1361 2299 1463 2402 (Fig.
1487 2314 1604 2376 nostr.
1627 2303 1725 2401 39.),
1750 2327 1793 2377 ac
1815 2296 1965 2372 tandem
1994 2309 2097 2372 totae
2121 2324 2225 2371 com-

642 2423 829 2523 plicantur
857 2421 958 2520 (rig.
987 2437 1103 2496 nostr.
1121 2419 1209 2520 40.).
1253 2425 1551 2527 Perispermium
1574 2429 1728 2503 interius
1754 2428 1792 2499 in
1816 2425 2003 2527 superiori
2025 2426 2086 2498 sui
2115 2439 2225 2524 parte,

643 2578 719 2650 qua
744 2548 990 2650 embryonem
1018 2548 1306 2628 subnascentem
1341 2555 1478 2650 ambit,
1514 2564 1679 2658 primum
1709 2555 1901 2629 crassescit
1927 2551 2085 2653 ejusque
2114 2551 2227 2626 cellu-

642 2677 718 2770 lae,
745 2676 835 2749 dum
862 2676 1151 2766 directionem⁷a
1174 2678 1475 2758 circumferentia
1496 2685 1663 2770 caritatis
1689 2697 1857 2758 centrum
1888 2709 2014 2757 versus
2042 2679 2226 2772 obtinent,

641 2807 807 2906 primum
834 2805 873 2879 iu
899 2809 1023 2882 stratis
1045 2809 1463 2912 superficiei'proximis
1484 2810 1558 2885 luci
1584 2810 1680 2885 fiunt
1706 2811 1908 2912 imperviae
1934 2812 2038 2910 (Fig.
2057 2811 2140 2887 ead.
2165 2809 2225 2884 litt.

641 2935 714 3034 pi.)
743 2931 796 3006 ob
821 2933 1015 3008 materiem
1042 2935 1283 3036 granulosam
1311 2941 1539 3018 nutrientem
1565 2939 1604 3012 in
1627 2939 1718 3039 ipsis
1744 2938 1974 3040 depositam3
2006 2939 2120 3042 quod
2146 2940 2228 3040 qui-

639 3062 725 3136 dem
760 3062 969 3164 significare
1000 3061 1167 3158 ridetur,
1212 3093 1430 3166 processum
1465 3065 1567 3143 hunc
1605 3093 1638 3140 a¹
1661 3067 1857 3169 superficie
1888 3092 2017 3141 versus
2052 3068 2227 3141 interiora

640 3187 869 3264 substantiae
904 3190 1229 3290 perispermaticae
1263 3222 1494 3298 proserpere.
1562 3196 1735 3272 Exterius
1766 3210 1887 3269 autem
1923 3196 2228 3297 perispermium,

640 3315 744 3414 quod
779 3317 949 3391 interiori
977 3316 1051 3414 jam
1080 3323 1325 3401 crassitudine
1351 3327 1468 3419 cedit,
1520 3322 1571 3401 ob
1600 3308 1864 3434 succos'ejus,
1904 3324 1958 3397 uti
1984 3323 2162 3419 videtur,
2194 3325 2229 3398 in

574 3459 581 3473 ’
640 3443 711 3518 boc
733 3447 993 3540 transmissos,
1020 3447 1188 3524 celeriter
1211 3455 1416 3546 evanescit,
1443 3457 1493 3530 ita
1515 3436 1683 3558 quidem,
1705 3452 1904 3542 utnullum
1927 3450 2006 3548 ejus
2031 3457 2228 3555 vestigium

637 3573 677 3643 in
704 3575 868 3649 sectione
895 3579 1133 3674 transversali
1159 3583 1341 3683 supersit,
1372 3584 1527 3686 quando
1552 3581 1712 3686 embrpo¹
1740 3609 1818 3657 nou
1847 3597 1901 3656 est
1925 3581 1997 3654 nisi
2027 3581 2230 3671 dimidium

638 3697 841 3773 voluminis
876 3703 934 3776 sui
969 3721 1168 3786 assecutus.
1229 3712 1374 3787 Pariter
1411 3711 1633 3818 membrana
1666 3713 1811 3785 interna
1844 3710 2017 3794 diametri
2053 3714 2231 3814 rapidum

638 3824 740 3900 subit
765 3827 1065 3926 decrementum,
1086 3863 1206 3937 usque
1231 3865 1299 3932 eo,
1326 3855 1368 3916 ut
1392 3843 1545 3918 tandem
1573 3837 1644 3915 sub
1668 3839 1807 3914 ultimis
1824 3842 2115 3916 sructescentiae
2135 3856 2232 3915 tem·

637 3953 816 4053 poribus,
857 3960 1024 4034 asuccis
1051 3963 1315 4062 inanislacta,
1354 3971 1393 4043 in
1419 3985 1567 4046 tenuem
1592 3941 1792 4044 culiculam
1820 3981 2053 4044 extenuetur.
2118 3973 2234 4046 Exte-

639 4082 749 4157 rioris
784 4085 936 4162 tandem
976 4092 1124 4166 tunicae
1162 4098 1373 4178 crassitudo
1397 4097 1555 4174 subbis
1581 4093 1853 4172 mutationibus
1879 4105 2132 4198 nequaquam
2161 4100 2235 4172 im·

637 4210 845 4305 minuitur,
880 4217 944 4290 sed
974 4222 1100 4322 potius
1124 4239 1280 4326 augetur
1311 4227 1454 4328 etipsa
1479 4227 1570 4302 dum
1593 4226 1778 4318 durescit,
1814 4221 1926 4297 simul
1959 4224 2142 4302 colorem
2172 4228 2236 4300 in-

635 4339 717 4422 duit
742 4367 762 4413 e
787 4345 896 4440 fusco
921 4329 1158 4452 tartareoque
1182 4356 1435 4455 variegatam,
1459 4381 1537 4456 quo
1562 4368 1731 4455 tempore
1753 4351 1905 4428 demum
1926 4367 2045 4428 testae
2072 4353 2234 4430 nomine

634 4493 720 4544 rere
747 4469 898 4546 salutari
929 4491 1099 4554 meretur.

748 4603 836 4676 Non
864 4601 1028 4680 absimili
1054 4609 1217 4702 ratione,
1252 4627 1294 4686 ut
1320 4615 1358 4686 in
1384 4615 1578 4706 Ricino,
1612 4612 1916 4690 sibi.succedunt
1943 4612 2005 4686 ovi
2046 4611 2238 4686 mutatio-

634 4731 705 4800 nes
723 4729 1085 4832 ⁴inllupborbia'
1104 4737 1399 4841 Lathyrib„
1429 4769 1523 4845 quas
1549 4744 1701 4844 quidem
1726 4742 1800 4840 alio
1827 4740 2014 4854 locojam
2043 4739 2143 4814 olim
2172 4766 2241 4814 ex-
