4786 5996
850 629 909 654 ...
965 577 1025 674 29
1081 625 1141 648 ..-

285 774 288 784 ’
324 784 611 862 Athamanta
637 781 891 864 Mattbioli
914 719 1044 864 wutt.
1092 777 1217 858 Radix
1241 771 1419 884 perennis
1440 765 1677 868 multicaulia,
1703 793 1801 873 qnae

208 915 248 990 iu
282 911 386 992 Atb.
424 914 634 990 cretensi
674 917 719 990 L.
755 911 905 990 biennis
939 926 996 988 est
1032 923 1069 986 et
1113 933 1202 986 raro
1242 905 1332 1010 plus
1368 927 1483 1006 quam
1519 900 1673 976 unicum
1705 895 1802 974 solet

208 1041 351 1119 caulem
377 1044 509 1136 edere,
542 1043 608 1146 qui
634 1040 789 1146 quidem
814 1041 855 1116 iu
878 1037 1049 1116 inferiori
1074 1034 1133 1112 sui
1159 1047 1265 1151 parte
1287 1045 1501 1136 prostratus
1528 1041 1603 1122 est,
1643 1051 1714 1102 nec
1733 1023 1802 1100 ,uti

204 1163 596 1249 ioA.ll1attlaioli
622 1173 710 1249 lude
737 1167 868 1285 abasi
892 1179 1048 1244 erectas.
1115 1167 1235 1244 Hasce
1259 1179 1369 1240 notas
1403 1158 1549 1236 cultura
1579 1151 1801 1274 perplures

207 1325 331 1374 annos
357 1301 574 1376 continuata
600 1277 800 1376 variationi
833 1295 937 1374 haud
961 1295 1147 1374 obnoxias
1181 1293 1297 1371 luisse
1322 1289 1587 1391 comperimus.
1638 1267 1800 1358 Fructus
1910 1351 1913 1360 .

207 1451 361 1529 qaoque
400 1426 440 1502 in
477 1431 523 1504 A.
568 1423 821 1507 Mattbioli
864 1453 1027 1536 superne
1066 1425 1189 1532 magis
1231 1432 1466 1514 attenuatus,
1512 1439 1628 1518 quam
1647 1387 1713 1486 iu
1753 1407 1800 1483 A

207 1556 432 1634 cretensi.

322 1811 611 1892 Athamanta
652 1814 885 1920 apiilolia
908 1811 1025 1894 Nob.
1065 1827 1121 1890 est
1168 1803 1322 1888 Seseli
1366 1793 1799 1880 cervariaelolium

207 1945 414 2020 Decand.
444 1939 557 2046 (Ca't.l
553 1931 705 2020 vsldort
701 1941 871 2047 Monsp.
900 1945 1063 2042 145.)et
1091 1938 1382 2018 Athamanta
1415 1919 1800 2010 cervariaefolia

207 2070 370 2171 Elusd·
392 2072 539 2174 (¹³de
567 2061 633 2146 Ν
658 2081 774 2170 1⁵⁵..)
806 2071 908 2172 quod
934 2085 1062 2146 tamen
1084 2093 1225 2144 nomen
1257 2063 1398 2141 serrari
1421 2059 1554 2161 nequit
1578 2051 1631 2132 ob
1657 2053 1799 2134 bomo-

204 2218 365 2304 nprnant·
389 2197 654 2276 Schraderi
680 2199 870 2303 plantam,
903 2217 1002 2303 quse
1026 2212 1084 2274 est
1108 2192 1366 2273 Libanotis
1404 2177 1799 2264 buclrtormensis

208 2329 285 2402 Dc.
339 2327 469 2422 lllius,
504 2325 758 2405 eseminibus
783 2327 885 2405 horti
914 2315 1204 2429 Monspaliensis
1230 2349 1252 2397 a
1278 2322 1334 2398 Cl.
1360 2317 1539 2396 Delilio
1579 2305 1811 2388 communi-'

207 2457 298 2532 catis
310 2441 539 2558 ,plurimae
569 2453 683 2533 nobis
712 2468 841 2530 enatae
877 2468 967 2530 sunt
999 2453 1171 2558 plantae,
1205 2475 1366 2553 quarum
1392 2447 1505 2522 unica
1529 2441 1681 2518 demum
1712 2447 1801 2538 post

203 2573 433 2660 decennium
457 2583 610 2658 florem
617 2583 859 2686 fructumque
886 2581 1024 2678 edidit,
1061 2581 1172 2684 cujus
1198 2579 1292 2656 b'aec
1316 2589 1373 2654 est
1397 2571 1623 2674 descriptio:
1674 2566 1708 2641 E
1734 2587 1802 2637 ra·-

210 2708 294 2786 dio‘e
320 2734 479 2788 carnosa
501 2739 653 2790 ramosa
676 2717 781 2788 lusca
804 2709 925 2788 caulis
958 2711 1090 2814 prodit
1121 2709 1312 2786 solitarius
1344 2723 1442 2783 teres
1476 2701 1642 2778 sulcatus
1671 2689 1802 2798 glaber

209 2837 361 2914 striatas
386 2835 541 2948 glaucus
567 2841 864 2936 ramosissimus,
890 2841 1005 2916 ramis
1030 2835 1256 2967 patentibus.
1314 2835 1422 2914 Folia
1435 2827 1666 2938 profunde
1671 2825 1800 2902 viren-

207 2966 284 3061 tia,
333 2991 449 3069 supra
484 2968 723 3046 nitidiuscala
757 2967 900 3046 subtus
933 2967 1088 3070 glauca,
1123 2973 1310 3043 caeterum
1337 2957 1584 3067 glaborrima,
1620 2948 1796 3032 radicalia

206 3091 606 3196 sopradecomposita,
659 3095 801 3201 petiolo
839 3096 1042 3174 universali
1089 3095 1386 3202 partialibusque
1431 3087 1611 3168 teretibus
1655 3083 1799 3184 absque

206 3219 333 3314 sulco;
357 3219 497 3296 foliolis
520 3221 684 3301 breviter
713 3222 922 3327 petiolatis,
957 3225 1441 3322 cuneisormi-rbombeis,
1475 3220 1515 3296 bi
1531 3265 1555 3278 -
1587 3241 1632 3292 ac
1656 3214 1799 3313 tripar-

206 3349 304 3446 titis3
334 3353 533 3451 segmentis
567 3351 755 3454 plerisque
795 3353 931 3428 trifidis
962 3355 1081 3428 acutis
1113 3353 1359 3455 inaequaliter
1394 3365 1599 3453 arguteque
1632 3340 1795 3418 serratis.

200 3476 367 3565 Caelina
392 3477 620 3556 radicalibus
646 3477 782 3555 similia
804 3493 846 3557 at
869 3481 996 3556 minas
1021 3483 1243 3584 composita,
1268 3479 1410 3584 petiolo
1436 3480 1644 3578 saginante.
1696 3471 1811 3570 Uro-0

199 3605 363 3690 bellae
352 3635 393 3684 m
421 3605 531 3684 caule
547 3607 740 3710 ramisque
765 3621 847 3684 tam
869 3607 1084 3684 terminales
1093 3635 1245 3713 ,quam
1270 3607 1460 3699 laterales,
1496 3607 1672 3680 llorentes
1701 3593 1799 3672 sub-

200 3733 405 3836 globosae,
432 3733 697 3812 sructiflc'antes
724 3737 933 3832 convexae,
971 3753 1102 3824 e35-
1081 3757 1162 3824 -40
1192 3739 1306 3814 radiis
1330 3739 1525 3812 formatae.
1592 3726 1798 3806 Umbella-

200 3859 327 3950 larum
355 3865 469 3942 llores
494 3859 676 3936 centrales
701 3861 860 3938 masculi
881 3863 1121 3943 abortientes.
1172 3865 1414 3944 involucrum
1441 3857 1651 3939 universale
1676 3855 1797 3930 rarius

203 3991 367 4071 oennino
392 3991 554 4084 delicit,
573 3985 796 4092 plerumque
830 3991 916 4090 ‚ejas
946 3993 1083 4068 adsunt
1115 3992 1247 4068 loliola
1283 4007 1375 4080 M
1416 3989 1589 4066 stabulata
1620 3984 1796 4090 patentia,

206 4113 373 4202 umbella
393 4117 525 4222 'duplo
564 4118 751 4196 breuiora.
825 4119 984 4196 Partiale
1021 4117 1356 4228 subdecapbyllum
1394 4119 1534 4197 foliolis
1575 4111 1797 4190 acuminatis

84 4245 87 4250 ’
201 4241 443 4345 longitudine
467 4243 703 4326 umbellulae.
757 4245 873 4352 Calyx
898 4249 1077 4351 proprius
1098 4249 1234 4326 nullus.
1281 4245 1413 4324 Patala
1447 4239 1796 4324 albo-virescentis

203 4372 378 4475 aequalia
403 4374 628 4470 acuminata,
653 4376 826 4452 acumine
849 4375 899 4450 ad
924 4377 1091 4452 medium
1118 4378 1376 4480 usquopetali
1403 4380 1554 4458 inflexo.
1605 4371 1796 4452 Glandula

200 4500 365 4604 insignis
390 4495 554 4604 globosa
576 4502 681 4605 stylis
706 4517 906 4606 superatur
931 4495 1078 4580 obtrisis
1097 4507 1244 4580 erectis.
1289 4509 1450 4592 Fructus
1474 4506 1686 4604 oblongus,
1708 4513 1795 4574 octo
1939 4583 1942 4590 ,

208 4623 324 4702 lineas
359 4629 536 4704 enretiena
570 4657 655 4705 cum
696 4633 880 4708 diametro
920 4631 1102 4712 linearum
1141 4637 1300 4712 duarum
1343 4665 1428 4710 cram
1467 4635 1641 4756 dimidia,
1680 4651 1796 4731 supra

206 4751 368 4832 multum
383 4767 608 4857 attenuatus,
623 4771 659 4836 et
674 4757 764 4840 bine
781 4761 918 4838 fructui
939 4763 1294 4870 Chaeropbylli
1315 4764 1449 4841 aurei
1472 4775 1510 4840 et
1526 4763 1795 4858 aromatici,
