4786 5996
875 569 937 588 ..
994 505 1166 610 η’..

218 717 347 798 Gaulis
361 717 554 822 tripedalis
581 735 624 799 et
636 719 748 796 altior
776 715 946 810 ridetur,
971 717 1271 812 teres,‘striatus.
1321 713 1429 794 folia
1455 718 1602 800 mulina
1626 723 1807 804 inserittra

216 849 424 943 biternum,
459 852 574 928 ramis
605 851 776 950 ipsorum
811 850 965 924 secundi
1002 847 1148 924 ordinis
1174 841 1445 921 sustinentibus
1468 847 1600 926 foliola
1619 854 1691 928 tria
1716 854 1808 956 pol*

219 975 349 1052 linaria
380 992 417 1051 et
449 977 787 1082 sesquipollicaria,
824 975 921 1051 linea
957 990 1084 1052 tamen
1110 999 1189 1048 non
1217 972 1371 1070 latiora,
1408 980 1639 1078 acuminata,
1676 993 1807 1062 re'mo-

220 1107 363 1184 tissime
390 1121 427 1182 et
459 1121 564 1182 acute
588 1119 749 1197 serrata,
788 1101 1024 1203 glaberrinra.
1084 1101 1290 1201 Superiora
1322 1115 1359 1176 et
1384 1127 1511 1180 ramea
1535 1105 1626 1184 lolia
1648 1123 1805 1208 ternata,

220 1234 365 1336 uaginis
386 1231 498 1348 solito
526 1230 858 1311 ventricosioribus
877 1229 1076 1347 praedita,²
1090 1229 1230 1307 foliolis
1252 1231 1525 1332 angustissimis
1548 1235 1806 1344 integerrimis.

220 1361 377 1438 Sdmma
405 1361 564 1436 ‘landem
580 1368 584 1399 ²
603 1359 786 1462 simplicia
822 1372 929 1453 sunt,
963 1355 1174 1460 'eademque
1209 1371 1354 1435 setacea
1400 1363 1585 1464 opposita.
1650 1367 1744 1448 lnde
1766 1369 1807 1448 ‘a

221 1491 347 1566 medio
371 1490 487 1566 caulis
509 1493 548 1566 in
572 1515 699 1565 ramos
725 1485 911 1589 simplices
937 1501 1081 1562 erectos
1106 1485 1307 1582 dividitur,
1340 1513 1503 1590 quorum
1526 1493 1657 1572 axillas
1679 1499 1807 1578 ortum

221 1617 312 1711 dant
336 1614 462 1693 bulbis
479 1619 598 1694 oratis
618 1613 857 1692 acutiusculis
879 1611 1101 1690 rubentibus
1117 1613 1375 1714 magnitudine
1394 1619 1579 1696 seminum
1606 1623 1808 1705 Cannabis.

223 1747 320 1822 Sunt
343 1744 399 1822 illi
417 1719 583 1822 subinde
608 1744 779 1840 solitarii,
804 1740 964 1820 subinde
989 1741 1029 1817 in
1049 1765 1213 1815 numero
1237 1737 1408 1842 binario,
1431 1742 1599 1822 ternario
1623 1741 1681 1822 rel
1708 1774 1809 1850 qua.

224 1875 393 1950 ternario
420 1873 629 1978 aggregati,
669 1871 768 1950 intra
791 1871 965 1970 raginam
997 1867 1217 1970 petiolarem
1244 1870 1390 1948 sessiles
1416 1887 1453 1947 et
1474 1886 1665 1978 praeterea
1691 1901 1809 1978 squa-

221 2001 293 2088 mis
325 1998 461 2078 inclusi
493 2029 536 2078 ex
572 2014 686 2077 orato
718 1997 950 2074 acuminatis.
1009 1997 1117 2072 Idem
1141 1995 1277 2090 caulis,
1313 1999 1531 2099 quiramus
1557 2001 1809 2079 exseritbnl-

218 2125 384 2220 bifero,
430 2125 601 2234 l¹¹l²b9l¹³
636 2127 776 2228 florum
815 2127 1037 2225 terminatur
1077 2125 1313 2228 compositag
1359 2134 1473 2229 qnam'
1513 2127 1610 2204 rami
1637 2129 1808 2230 *proximi

219 2258 540 2358 supereminent„
584 2253 762 2332 Umbella
799 2253 1134 2358 qninqueradiata3
1179 2249 1386 2330 umbellula
1428 2254 1583 2356 qnaeris
1626 2267 1751 2333 autem
1788 2285 1810 2334 e

219 2381 378 2464 floribus
416 2383 643 2486 plerumque
677 2385 809 2462 decern
844 2397 1011 2476 constat,
1061 2375 1240 2472 omnibus
1283 2379 1481 2456 fertilibus.
1553 2380 1809 2465 Involueello-

218 2537 306 2613 rum
355 2509 485 2588 lolioln
528 2508 738 2610 lanceolato
758 2557 782 2570 -
799 2509 971 2588 subulata
1019 2506 1138 2610 duplo
1188 2504 1305 2584 radiis
1351 2504 1579 2586 umbellnlae
1621 2505 1809 2590 breviora.

222 2635 342 2740 Calyx
365 2635 533 2742 partialis
555 2639 618 2720 rix
639 2625 869 2738 manifestus.
909 2635 1111 2717 .Glandula
1139 2634 1361 2716 nectarilera
1387 2617 1616 2725 dionomia
1640 2640 1812 2744 margine
1896 2655 1902 2678 ‘

220 2763 413 2844 undulata.

225 3098 229 3125 Ε
337 3026 508 3108 Triuia
529 3027 810 3108 Hoffmanni
833 3029 888 3104 M.
912 3029 955 3104 Β.
983 3039 1019 3100 et
1040 3027 1109 3102 Fr.
1142 3023 1410 3128 Henningii·
1430 3025 1494 3126 Ei.
1520 3019 1634 3112 uobis
1655 3023 1810 3128 quidem

224 3179 350 3230 merae
383 3174 472 3234 sunt
510 3157 677 3258 ejusdem
711 3157 848 3262 speciei
864 3156 1089 3238 ,varietates
1137 3157 1256 3250 *Quae
1294 3157 1395 3234 eniin
1432 3153 1686 3233 vindobonae
1713 3163 1811 3236 “om

220 3286 573 3384 Lagerwetlaolw
600 3312 622 3361 a
649 3283 761 3365 uobis
784 3284 878 3363 lecta
901 3297 957 3360 est
975 3282 1348 3380 massmanni,
1372 3287 1543 3387 germina
1569 3275 1826 3390 glnlrerrima,¹

226 3425 262 3486 et
292 3437 442 3516 quaes
478 3412 534 3490 Cl.
566 3396 773 3490 Bessero
808 3408 1010 3488 nobiscum
1035 3409 1320 3502 ‚communicata
1349 3413 1426 3498 ,fuit
1460 3415 1505 3490 Tr
1529 3415 1809 3516 Henningii,

225 3542 378 3637 seminis
415 3528 548 3623 costas*
573 3555 701 3618 acutas
727 3537 852 3634 babet.
902 3540 1154 3638 Haerentem
1168 3539 1322 3642 ,speeies
1346 3537 1494 3642 petiolis
1520 3537 1701 3648 teretibus
1720 3567 1810 3621 num

225 3667 454 3770 canaliculo,
490 3667 590 3745 loliis
616 3667 749 3769 rigidis
779 3693 850 3744 uec
871 3664 1061 3764 flaccidis.
1093 3663 1318 3760 soliolorum
1340 3665 1484 3756 laeiniis
1508 3665 1749 3778 brevioribus
1771 3687 1811 3750 et
1915 3667 1924 3674 ’

225 3791 336 3896 simul
372 3795 591 3894 latioribus,
613 3795 945 3889 ‘involucellorum
962 3791 1148 3888 descen,
1176 3793 1356 3886 seminis¹
1392 3795 1506 3871 nostis
1546 3797 1663 3874 acutis
1701 3825 1725 3874 a
1762 3801 1809 3883 Ἰῖ.
1863 3823 1904 3916 ‚⁰

224 3921 477 4008 Kitaibelii
511 3921 655 4022 differt,
694 3950 856 4026 quaeum
882 3945 998 3998 unam
1023 3918 1256 4018 eandemque
1280 3921 1447 4022 speeiem,
1465 3923 1659 4002 constituit
1683 3928 1807 4002 Pim-

222 4049 407 4156 pinella
444 4053 777 4154 ramosissima
814 4047 997 4146 eison,
1038 4047 1088 4127 ab
1127 4045 1363 4154 homonyma
1402 4049 1655 4130 Candollii
1688 4045 1835 4160 stirpe⁸

221 4177 372 4284 (Prodr.
395 4181 460 4256 1v.
482 4185 582 4284 155.)
598 4217 602 4226 ·
616 4180 904 4262 distinctissime.
1098 4250 1101 4263 ,

252 4397 1806 4556 31udisoncrinitusPall.‚Habitusomuinudtlra'rnantae,etiamstyll·

82 4675 88 4686 .
221 4575 384 4678 elongati
406 4577 546 4673 erecti:
575 4576 686 4666 ¹unde
721 4575 776 4654 Cl.
802 4577 1117 4666 Ledebeurio
1147 4579 1253 4658 audit
1285 4575 1585 4656 Athamante
1619 4579 1800 4657 crinita

216 4706 286 4808 (ΕΙ.
306 4705 380 4782 Alt.
404 4709 432 4784 l.
460 4705 583 4806 326.):
611 4731 741 4786 rerum
763 4721 855 4782 nota
871 4707 988 4784 modo
1009 4709 1109 4784 dicta
1127 4735 1205 4784 non
1224 4703 1320 4780 bene
1340 4703 1516 4779 constitui
1541 4703 1798 4786 Athaman-

1285 4830 1313 4908 5
