4786 5996
847 467 1022 618 ...aa
1079 575 1138 596 .-

132 709 138 720 ’
193 751 278 803 mus
312 730 457 826 (Verm.
478 725 584 800 Schr.
612 751 683 800 eon
708 723 757 800 G.
776 725 821 801 tt.
840 727 885 801 T.
912 724 992 803 und
1015 727 1059 802 L.
1078 725 1121 804 C.
1138 728 1183 802 T.
1207 727 1272 804 IV.
1302 727 1422 828 189.),
1461 726 1580 804 modo
1606 732 1786 808 nomina-

193 869 272 930 tam
298 867 444 957 partem
475 854 755 932 considerantes
780 866 822 927 ut
848 853 1112 944 intermedium
1139 851 1358 960 embryonis
1384 867 1580 932 truncum:
1618 859 1669 934 ita
1696 861 1786 962 qui·

190 954 281 1076 dein
306 996 349 1058 ut
370 981 574 1083 cotyledon
599 985 700 1060 intra
725 1007 865 1084 corpus
890 979 1100 1058 sarinosum
1134 978 1270 1076 lateat,
1306 979 1365 1060 vel
1404 985 1559 1084 proprie
1592 983 1785 1086 loquendo

171 1109 313 1190 hocce
350 1139 489 1216 corpus
522 1111 787 1220 cotyledonem
819 1109 927 1222 sistat
959 1107 1104 1210 ipsam,
1141 1107 1384 1188 incolumen
1411 1137 1567 1188 enorme
1593 1110 1787 1191 dilatatam

191 1253 232 1316 et
254 1241 411 1318 materia
433 1243 622 1319 nutriente
650 1241 839 1324 refertam.
894 1238 1053 1318 Insolita
1077 1237 1214 1318 haecce
1241 1239 1520 1334 conformatio,
1546 1265 1643 1342 quae
1675 1255 1789 1346 coty-

191 1366 342 1445 ledonis
365 1378 478 1473 atque
503 1370 695 1448 radiculae
718 1371 927 1466 rationem,
962 1367 1085 1472 qualis
1110 1367 1150 1443 in
1173 1367 1393 1468 Ruppiae
1420 1381 1531 1470 atque
1555 1372 1785 1448 Zosterae

193 1495 365 1598 plantula
391 1497 520 1576 locum
545 1497 682 1597 habet,
706 1499 817 1602 quasi
842 1500 1031 1580 inversam
1056 1495 1169 1576 nobis
1196 1508 1407 1590 monstrat,
1429 1493 1566 1588 modo,
1593 1522 1671 1597 quo
1697 1521 1785 1573 em-

188 1620 290 1728 bryo
314 1625 355 1702 in
381 1629 531 1730 Trapae
555 1631 697 1705 semine
729 1626 897 1704 exoritur
930 1640 1044 1730 atque
1068 1628 1298 1702 incrementa
1325 1624 1446 1724 capit,
1485 1624 1641 1702 ulterius
1665 1625 1787 1704 eluci·

189 1750 314 1828 datur.
363 1753 535 1832 Primum
559 1757 687 1860 itaque
712 1784 869 1836 examen
894 1756 1124 1834 instituimus
1140 1748 1431 1828 foecundatione
1454 1749 1584 1851 pistilli
1609 1753 1670 1832 rix
1691 1781 1784 1856 per·

191 1895 296 1976 acta,
321 1877 389 1957 ubi
415 1882 558 1961 corolla
580 1884 621 1962 in
648 1913 802 1963 mucnm
829 1883 1048 1980 diffluebat,
1075 1881 1213 1988 calycis
1240 1877 1397 1954 laciniae
1422 1893 1548 1956 eutem
1573 1881 1685 1958 situm
1708 1883 1784 1960 ad·-

187 2005 267 2084 buc
307 2024 472 2088 erectum
515 2011 718 2090 servabant
757 2015 857 2090 circa
894 2039 1050 2116 germen
1089 2010 1262 2088 nondum
1308 2003 1526 2082 notabiliter
1569 2009 1783 2088 adauctum.

189 2140 373 2218 Ovarium
410 2154 490 2216 erat
527 2136 763 2236 biloculare',
801 2143 900 2218 sicut
937 2142 1081 2244 optime
1116 2137 1211 2216 illud
1250 2131 1430 2210 describit
1464 2135 1783 2232 Gaertnerus,

187 2266 315 2345 loculo
342 2268 478 2372 quovis
503 2264 659 2344 oculum
687 2269 920 2344 continente:
947 2267 1051 2346 unde
1077 2265 1189 2346 ocula
1223 2271 1324 2360 duo,
1359 2290 1524 2367 quorum
1553 2279 1679 2342 tamen
1708 2293 1782 2341 au·

188 2411 383 2498 gruentum
407 2422 487 2472 non
512 2397 637 2498 capit,
660 2397 733 2474 nisi
758 2395 930 2492 alterum,
955 2395 1073 2473 altero
1099 2406 1314 2473 constanter
1334 2388 1556 2470 abortiente.
1606 2393 1785 2494 Dissepi-

188 2539 356 2602 mentum
388 2523 534 2601 laciniis
573 2523 709 2628 calycis
746 2523 895 2602 duabus
922 2523 1171 2602 exterioribus
1194 2523 1403 2624 iisdemque
1429 2501 1673 2598 inierioribus
1704 2537 1785 2598 erat

191 2647 405 2728 obversum.
471 2655 587 2730 Facta
617 2654 745 2758 itaque
779 2655 844 2734 ori
869 2654 1104 2733 'dissectione
1128 2647 1459 2757 perpendiculari,
1494 2646 1601 2747 cujus
1626 2649 1783 2728 directio
1864 2717 1868 2724 .

189 2777 291 2857 huic‘
306 2781 573 2884 dissepimento
599 2795 678 2858 erat
692 2781 901 2885 parallelo,
934 2780 1030 2858 illud
1055 2783 1231 2884 apparuit
1255 2780 1486 2884 oblongum,
1508 2777 1687 2881 utrinqne
1711 2806 1782 2854 ro·

188 2909 409 3008 tundatnm,
457 2911 583 2988 media
616 2924 724 3014 parte
755 2939 891 3015 parum
930 2923 1128 3012 angustata
1162 2924 1199 2986 et
1237 2907 1390 3012 longior
1422 2907 1576 3012 quidem
1601 2905 1783 2982 diameter

187 3051 269 3113 erat
292 3041 615 3142 perpendicularis
641 3043 744 3147 (Fig.
768 3055 888 3120 nostr.
903 3043 988 3143 18·)·
1057 3038 1139 3118 Sub
1159 3039 1273 3148 ‘apice
1303 3037 1353 3116 ad
1387 3036 1545 3114 alterum
1577 3033 1676 3111 latus
1706 3033 1781 3136 ipsi

183 3163 420 3244 inserebatur
443 3169 633 3248 funiculus
657 3167 884 3246 umbilicalis
908 3165 1035 3249 brevis
1056 3182 1169 3272 atque
1195 3193 1363 3264 crassus,
1391 3191 1414 3242 a
1437 3191 1517 3266 quo
1536 3149 1664 3267 itaque
1686 3161 1781 3240 illud

184 3292 367 3371 deorsum
402 3299 601 3399 pendebat.
676 3302 981 3400 Integumentum
1021 3297 1085 3376 ori
1123 3296 1329 3400 principale
1364 3291 1609 3370 crassitudine
1641 3292 1782 3393 insigni

185 3421 374 3500 donatum
418 3426 597 3530 adparet,
647 3427 824 3529 idemque
868 3426 1065 3504 caritatem
1104 3424 1255 3502 exbibet
1292 3419 1780 3514 lanceolato-subulatam,

184 3555 418 3632 extremitate
443 3555 583 3632 scilicet
607 3554 744 3632 obtusa
763 3555 962 3652 deorsum,
992 3569 1101 3632 acuta
1121 3571 1246 3632 autem
1265 3579 1417 3630 sursum
1434 3551 1598 3628 directis.
1649 3550 1780 3627 Fasci-

181 3682 293 3760 culus
327 3711 504 3765 rasorum
537 3685 803 3780 nutrientium,
842 3709 929 3760 cum
964 3683 1135 3764 funiculo
1175 3682 1382 3761 umbilicali
1425 3709 1540 3762 orum
1584 3679 1780 3774 accedens,

181 3813 304 3916 inque
332 3812 413 3913 ejus
439 3813 651 3892 substantia
677 3811 856 3890 cellulosa
887 3813 1138 3912 descendens,
1180 3813 1264 3893 basi
1289 3813 1493 3890 terminum
1518 3835 1629 3886 suum
1654 3804 1779 3884 habet

180 3943 250 4018 Ad
275 3942 456 4022 interiora
481 3945 545 4022 ovi
569 3944 601 4020 si
626 3957 879 4036 transeamus,
906 3941 1102 4020 caritatem
1120 3943 1249 4047 ipsius
1265 3941 1382 4018 modo
1401 3939 1628 4042 descriptam
1651 3937 1778 4040 primo

180 4069 276 4146 locu
302 4071 451 4150 investit
475 4070 699 4148 membrana
718 4085 959 4172 transparens
983 4070 1082 4146 casis
1101 4069 1276 4148 destituta
1297 4071 1402 4172 (Fig.
1416 4082 1536 4146 nostr.
1548 4087 1608 4166 19.
1628 4065 1695 4142 litt.
1711 4068 1778 4166 p),

150 4197 285 4302 'quae
316 4199 556 4279 adhaesionis
586 4214 770 4304 punctum
802 4199 950 4276 videtur
983 4198 1023 4273 in
1054 4199 1226 4276 inferiori
1257 4201 1321 4278 ori
1360 4199 1589 4276 extremitate
1624 4191 1778 4282 habere,

151 4315 375 4434 'siquidem
410 4329 485 4405 hoc
515 4357 597 4405 non
622 4331 692 4406 rite
717 4327 831 4406 nobis
856 4327 961 4406 licuit
986 4327 1246 4406 determinare.
1313 4332 1397 4405 Hac
1423 4325 1588 4402 inclusus
1614 4336 1690 4415 est,
1726 4321 1778 4396 ita

177 4479 225 4540 ut
244 4463 368 4565 ipsam
389 4456 614 4560 adimpleat,
639 4456 872 4560 cylindrulus
889 4473 1085 4536 tortuosus
1104 4483 1207 4533 mere
1221 4455 1422 4538 cellulosus
1442 4459 1542 4556 (Fig.
1559 4455 1778 4544 nostr.'19·)',

179 4590 255 4696 qui
282 4615 306 4666 a
330 4589 519 4694 superiori
546 4587 686 4692 pendet
711 4613 831 4689 eaque
857 4588 1068 4664 acuminata
1093 4586 1174 4668 cari
1196 4603 1321 4692 parte,
1352 4613 1397 4662 ac
1423 4582 1529 4681 cujus
1555 4578 1777 4654 extremitati

180 4718 367 4798 adhaeret
399 4717 668 4826 corpusculum
696 4729 875 4816 ovatum,
907 4719 959 4794 ita
985 4719 1159 4824 quidem,
1194 4731 1235 4794 ut
1260 4715 1333 4818 ipsi
1358 4713 1407 4790 ad
1433 4712 1490 4788 sui
1516 4708 1684 4786 medium
1709 4731 1780 4784 us·
