4786 5996
1272 505 1561 596 ...86-

1016 835 1029 846 ,
1332 755 1366 850 s.
1422 751 1487 827 tu.

1130 905 1688 983 ceccanum

729 1055 899 1160 Eurbryo
927 1079 1012 1130 rere
1042 1058 1452 1164 monocotplerloneus,
1476 1058 1562 1135 licet
1586 1085 1703 1162 genus
1730 1059 1853 1161 ipsum
1881 1067 2007 1164 quoad
2030 1069 2204 1171 comple-

613 1217 699 1262 xum
725 1189 896 1261 omnium
919 1183 1179 1263 characterum
1204 1179 1510 1296 Dicotylednneis
1533 1188 1581 1262 sit
1604 1192 1939 1269 adnumerandum.
1967 1195 2204 1272 Gaertne-

610 1343 690 1390 rus
726 1329 831 1417 pater
856 1317 1054 1418 equidem,
1092 1318 1177 1394 licet
1209 1317 1323 1394 talem
1354 1321 1393 1393 in
1426 1317 1600 1394 iconibus
1629 1321 1706 1395 suis
1740 1323 1981 1424 proposuerit
2010 1320 2109 1419 (lc.
2134 1328 2199 1400 111.
2262 1310 2269 1319 ’

610 1457 672 1532 25.
697 1457 720 1518 t.
741 1449 858 1538 183),
890 1462 1023 1546 postea
1052 1431 1180 1525 tamen
1210 1449 1401 1524 dubitasse
1427 1449 1594 1526 videtur:
1629 1447 1727 1525 filius
1757 1453 1857 1526 enim
1880 1452 2018 1552 ipsius,
2044 1451 2142 1528 Clar.
2161 1457 2203 1530 C.

610 1577 650 1649 F.
676 1577 999 1666 Gaertnerus,
1027 1577 1163 1652 eodem
1187 1577 1274 1654 loeo
1299 1593 1445 1652 narrat:
1473 1592 1617 1679 patrem
1644 1579 1884 1675 defunctum,
1911 1607 1997 1654 cum
2019 1579 2058 1653 in
2075 1579 2201 1682 pluri-

609 1706 702 1796 mis,
730 1705 849 1778 immo
872 1705 1039 1778 centenis
1066 1705 1363 1807 Cyclaminis
1389 1709 1618 1810 europaei
1643 1705 1849 1783 seminibus
1868 1706 2115 1811 embryonem
2137 1709 2201 1784 in-

610 1835 774 1908 venisset
808 1833 969 1908 omnino
993 1834 1215 1927 indivisum,
1245 1835 1396 1908 tandem
1420 1837 1576 1910 unicum
1599 1831 1889 1938 deprehendisse
1911 1861 1995 1912 rere
2017 1837 2202 1939 dicotyle-

609 1964 800 2054 doneum,
831 1961 936 2057 cujus
964 1962 1125 2061 figuram
1147 1964 1187 2035 in
1212 1961 1340 2035 tabula
1366 1965 1467 2038 infre
1495 1965 1604 2038 citata
1627 1963 1698 2038 sub
1725 1968 1770 2040 K.
1793 1963 1979 2039 exhibuit:
2012 1964 2102 2041 binc
2129 1968 2199 2069 ipsi

608 2089 743 2164 tribuit
770 2089 1041 2194 “cotylerlones
1062 2090 1324 2186 brevissimas,
1350 2093 1412 2170 rix
1432 2105 1578 2187 tamen,
1604 2121 1648 2168 ac
1664 2119 1710 2166 ne
1733 2093 1794 2168 vix
1813 2094 1987 2195 quidem,
2013 2099 2201 2172 discerni-

607 2220 738 2294 biles.'’
789 2221 892 2312 Nos,
920 2233 962 2293 ut
984 2220 1193 2316 fateamur,
1216 2224 1257 2298 in
1278 2223 1509 2316 numerosis,
1542 2247 1638 2323 quae
1664 2225 1845 2299 scrutinio
1868 2226 2046 2326 penitiori
2070 2224 2200 2322 subje-

609 2353 748 2442 cimus,
806 2349 1106 2452 Cyclaminis
1145 2348 1466 2426 hederaesolii
1506 2354 1554 2424 Η.
1592 2355 1637 2424 Κ.
1681 2351 1886 2428 seminibus
1932 2381 1981 2429 ne
2023 2352 2200 2433 umbram

608 2477 910 2576 emarginuturae
953 2477 1011 2556 rel
1043 2478 1313 2555 divisionisin
1348 2494 1452 2581 parte
1486 2479 1705 2584 embryonis
1743 2480 2000 2583 cotyledouari
2035 2485 2199 2585 reperire

607 2609 802 2714 potuimus
831 2609 934 2710 (rig.
954 2621 1072 2684 nostr.
1087 2611 1187 2704 66.):
1220 2610 1360 2709 pariter
1383 2611 1494 2684 etiam
1522 2613 1621 2686 sacta
1642 2613 1805 2685 sectione
1826 2610 1938 2710 hujus
1963 2613 2201 2686 extremitatis

606 2736 851 2817 transversali
877 2737 1026 2813 nullum
1058 2737 1226 2842 partium
1264 2737 1606 2838 conglutinatarum
1645 2740 1847 2834 indicium,
1895 2740 1961 2813 sed
1993 2738 2202 2816 substantie

606 2874 772 2972 perlecto
797 2869 977 2946 continua
1004 2885 1118 2971 atque
1137 2865 1346 2970 aequabilis
1373 2869 1411 2942 in
1439 2883 1681 2970 conspectum
1702 2868 1854 2970 prodiit.
1906 2866 2019 2942 Unde
2042 2868 2199 2946 dubium

607 2997 722 3074 nobis
754 2998 815 3076 rix
846 3013 1036 3102 superest,
1083 2999 1124 3073 in
1153 2994 1218 3070 ille
1247 2993 1302 3070 Cl.
1330 2998 1412 3072 Viri
1437 2997 1699 3078 obsecratione
1726 2996 1782 3074 rel
1811 2995 2058 3094 embryonem
2086 2996 2199 3072 fuisse

607 3153 697 3204 casu
719 3125 849 3230 aliquo
872 3128 1055 3222 divisum,
1079 3123 1138 3203 rel
1160 3123 1328 3226 regulam
1349 3127 1439 3204 alias
1467 3143 1525 3205 sat
1544 3127 1754 3231 generalem
1777 3124 1890 3200 semel
1914 3123 2095 3203 fefellisse.
2148 3129 2201 3200 Ut

605 3274 733 3334 tauron
755 3271 940 3358 quantum
963 3255 1091 3330 liceret
1125 3256 1300 3330 certiores
1327 3257 1523 3346 fieremus,
1571 3256 1882 3358 germinationem
1904 3251 2200 3350 observavimus,

606 3413 704 3488 «puae
726 3387 778 3461 ite
799 3413 838 3460 se
862 3382 1003 3460 babuit.
1056 3384 1256 3458 Esemiuis
1278 3384 1564 3485 depressiusculi
1585 3387 1752 3488 margine
1780 3381 1919 3458 obtuso
1945 3383 2112 3458 radicula
2133 3413 2200 3460 ex-

604 3519 762 3610 seritur,
788 3513 1036 3617 elougntaquc
1058 3509 1268 3604 descendit,
1293 3513 1516 3616 cotyledone
1537 3515 1697 3607 interea,
1725 3512 1852 3613 quoad
1873 3509 2050 3590 volumen
2073 3539 2118 3590 ac
2137 3543 2200 3590 se·

604 3647 706 3742 dem,
730 3647 930 3722 immutata
956 3642 1052 3746 (rig.
1070 3654 1188 3716 nostr.
1205 3649 1269 3730 67.
1292 3643 1379 3744 68.).
1434 3644 1505 3718 Hic
1526 3644 1724 3717 descensus
1749 3641 1838 3714 dum
1861 3640 2040 3740 procedit,
2060 3671 2197 3745 corpus

605 3775 828 3880 crtrbryonis
855 3775 1046 3870 medium,
1080 3773 1185 3876 quod
1209 3773 1348 3874 pariter
1375 3799 1396 3846 e
1421 3773 1807 3901 seminesprotrusnm
1834 3783 1909 3859 est,
1942 3767 1982 3842 in
2003 3767 2113 3842 tuber
2134 3771 2196 3843 in-

606 3907 780 3980 tumescit
819 3931 1023 3980 curoosum
1056 3899 1464 3994 subrotundo-ovale,
1510 3900 1616 3998 cujus
1650 3900 1696 3972 de
1735 3895 1960 3972 extremitate
2000 3901 2198 3999 superiori,

606 4049 640 4108 et
675 4031 724 4106 nd
761 4033 858 4110 lutus
886 4035 1042 4139 quidem
1079 4056 1277 4133 processus
1307 4026 1427 4122 illius,
1464 4028 1591 4129 quiin
1617 4024 1875 4126 cotyledonem
1901 4023 2001 4118 abit,
2033 4028 2198 4126 primum

609 4163 767 4264 emergit
795 4161 956 4258 sotium,
996 4159 1101 4264 quod
1129 4157 1214 4232 licet
1238 4157 1430 4235 volumine
1453 4155 1577 4234 adhuc
1604 4156 1759 4230 minimo
1787 4156 1854 4246 sit,
1887 4155 2049 4228 sormam
2074 4170 2199 4238 tamen

605 4291 787 4388 eandem,
816 4291 966 4394 qualem
990 4291 1027 4366 in
1052 4287 1180 4364 adulta
1203 4287 1351 4388 planta,
1373 4286 1487 4362 babet
1509 4288 1612 4386 (Fig.
1637 4297 1751 4359 nostr.
1774 4282 1862 4380 69.).
1913 4283 1998 4358 Hoc
2023 4283 2197 4359 simulat-

605 4449 678 4524 que
708 4436 762 4498 est
786 4421 1002 4512 evolutum,
1026 4415 1231 4514 cotyledon
1256 4413 1452 4518 hucusque
1475 4417 1693 4506 immutata,
1716 4415 1813 4488 intra
1832 4409 1984 4485 seminis
2002 4409 2198 4486 involucra

607 4567 827 4628 constanter
862 4551 1030 4644 lotitans,
1083 4545 1282 4624 marcescit
1322 4559 1357 4617 et
1393 4571 1468 4620 uno
1503 4569 1588 4618 cum
1630 4540 1688 4615 his
1727 4567 1748 4616 a
1781 4566 1878 4614 nexu
1915 4565 1998 4644 curn
2030 4537 2201 4640 plantula

606 4697 743 4786 sponte
767 4681 946 4776 solvitur,
974 4706 1051 4782 quo
1074 4677 1161 4754 loco
1188 4690 1279 4750 tunc
1301 4700 1501 4776 processus
1522 4673 1721 4748 uncinatus
1744 4695 1811 4771 per
1836 4682 1893 4744 sat
1916 4665 2073 4771 longum
2100 4685 2198 4746 tem·
2237 4635 2250 4676 x
