4786 5996
838 611 895 630 ...
954 537 1025 652 09'
1069 613 1129 630 .-

194 757 355 834 exaratis
386 757 573 836 illustrare
600 763 754 838 annisus
783 779 834 840 est
869 763 1022 856 utris·
1059 765 1136 842 ud.
1162 765 1430 868 Brongiart
1454 763 1502 866 (l.
1521 793 1552 840 c.
1581 776 1669 852 106.
1701 781 1787 852 108.

194 899 222 959 t.
239 903 302 972 41.
324 889 455 992 li1.):=
472 889 538 964 sed
570 905 701 967 nostra
728 889 896 988 ejusdem
917 896 986 970 ovi
1018 895 1255 997 investigatio
1280 922 1370 972 cum
1390 891 1497 968 aliter
1520 889 1634 970 nobis
1666 921 1787 994 quae-

190 1017 287 1091 dam
325 1018 589 1120 proposuerit,
623 1043 683 1094 res
715 1019 796 1120 ipsa
830 1021 1021 1124 requirere
1061 1021 1228 1116 ridetur,
1271 1037 1312 1100 ut
1346 1033 1596 1099 scrutatorum
1625 1021 1787 1094 examini

194 1163 327 1224 nostra
355 1175 510 1250 quoque
531 1147 1018 1248 subjiciamus‘obserrota,
1042 1152 1217 1254 quamvis
1241 1167 1415 1230 naturam
1441 1146 1556 1226 nobis
1580 1175 1659 1224 non
1685 1148 1788 1224 licuit

192 1277 268 1352 nisi
294 1277 438 1355 rudiori
469 1274 648 1381 penicillo
672 1279 822 1356 imitari.
850 1321 856 1332 ·
992 1303 997 1323 ·

312 1539 351 1612 Si
380 1539 505 1640 itaque
532 1562 647 1612 ovum
675 1537 982 1618 examinabamns
1010 1513 1219 1644 rigentibus
1245 1538 1369 1616 adbuc
1396 1535 1655 1638 stigmatibus,
1694 1563 1784 1635 ergo
1829 1519 1834 1528 ⁴

191 1665 485 1740 foecundatione
519 1668 691 1768 nondum
721 1665 893 1744 absoluta
930 1672 1021 1772 (rig
1046 1685 1163 1746 nostr.
1186 1672 1281 1770 33.),
1327 1665 1423 1741 illud
1463 1663 1784 1766 longitudinaliter
1821 1673 1830 1684 “

191 1793 394 1869 dissectum
422 1793 617 1870 involucra
639 1796 816 1874 cellulosa
844 1803 914 1875 tria
936 1797 1154 1892 exhibebat,
1180 1798 1318 1874 scilicet
1337 1808 1493 1887 testam,
1521 1790 1782 1868 membranam

193 1925 380 2000 internam
414 1937 450 1998 ct
476 1925 765 2026 perispermium
793 1931 972 2023 exterius,
1007 1927 1113 2028 <guod
1144 1927 1340 2000 cavitatem
1376 1920 1554 1996 linearem
1592 1923 1784 2024 utrimque

193 2049 369 2128 obtusam
405 2054 501 2127 intra
537 2079 576 2128 se
612 2055 803 2133 condebat
828 2057 932 2155 (rig.
956 2071 1073 2130 nostr.
1093 2057 1183 2153 34).
1256 2054 1395 2128 Parum
1430 2065 1496 2127 aut
1517 2051 1676 2128 omnino
1702 2077 1781 2124 non

189 2185 334 2258 mutata
371 2195 426 2256 est
453 2181 620 2283 partium
646 2183 800 2260 istarum
827 2185 962 2279 facies,
1001 2208 1088 2270 oum
1116 2182 1299 2288 stylorum
1327 2181 1596 2260 marcescentia
1621 2181 1685 2256 rix·
1706 2175 1783 2254 ab·-

121 2364 125 2370 -
190 2309 354 2386 solutam
381 2335 460 2384 esse
484 2309 666 2409 signifieat
685 2311 886 2390 oculorum
908 2313 1289 2414 impraegnationem:
1313 2335 1402 2387 rasa
1427 2307 1671 2384 solummodo
1691 2333 1780 2381 um·
1889 2348 1894 2362 ·

190 2435 353 2512 bilicalia
378 2435 453 2512 boe
479 2449 651 2540 tempore
679 2439 840 2516 maxime
870 2439 1076 2541 conspicua
1105 2431 1342 2542 perisp'ermii
1367 2435 1584 2528 exterioris,
1612 2435 1660 2510 ab
1688 2437 1779 2538 ipsis

191 2564 424 2660 enutriendi,
457 2565 659 2640 maximam
692 2579 803 2664 tunc,
838 2571 984 2646 ratione
1010 2582 1243 2643 caeterorum
1276 2565 1340 2639 ori
1361 2560 1667 2658 involucrorum,
1710 2591 1778 2642 ex-

189 2695 398 2770 tensionem
425 2691 611 2796 explicant
633 2694 735 2794 (Fig.
755 2711 873 2773 nostr.
888 2711 951 2784 35.
976 2697 1045 2774 litt.
1065 2696 1141 2800 pe).
1198 2687 1418 2769 Fasciculus
1437 2692 1540 2767 enim
1563 2691 1776 2770 istiusmodi

193 2849 387 2914 vasorum,
416 2821 504 2898 inde
527 2821 577 2897 ab
604 2824 813 2926 adpendice
840 2823 905 2901 bili
934 2825 1156 2928 lungitormi
1182 2822 1222 2897 in
1249 2834 1365 2896 testae
1388 2819 1587 2924 superficie
1613 2819 1776 2896 descen·

191 2952 306 3046 dens,
337 2951 435 3027 infra
460 2951 605 3052 apicem
633 2977 725 3028 cero
751 2951 855 3028 illam
884 2951 995 3028 simul
1024 2978 1111 3028 eum
1134 2945 1360 3026 membrana
1386 2949 1534 3024 interna
1564 2947 1775 3052 perforans,

186 3079 227 3154 in
254 3077 409 3178 hujusce
436 3075 679 3160 membranae
704 3083 902 3185 superficie
928 3083 1095 3178 intenta,
1126 3109 1200 3186 qua
1227 3079 1479 3184 perispermio
1499 3077 1672 3154 exteriori
1700 3076 1775 3152 ad·

185 3208 324 3310 plicata
350 3219 426 3298 est,
454 3233 582 3285 ramos
606 3212 774 3314 undique
798 3214 950 3316 spargit.
1012 3215 1100 3289 Non
1127 3227 1253 3287 tamen
1278 3211 1513 3313 superiorem
1536 3205 1772 3308 perispermii

183 3339 293 3412 istius
315 3349 462 3436 partem
488 3332 625 3430 ambit,
653 3338 759 3435 cujus
788 3343 1059 3422 incrementum
1082 3339 1190 3432 inde,
1217 3341 1270 3413 uti
1297 3365 1339 3414 ex
1368 3336 1447 3436 ejus
1470 3333 1647 3411 tenuitate
1673 3359 1771 3408 con-

180 3466 297 3564 jicere
320 3466 377 3537 sas
399 3475 475 3556 est,
501 3462 622 3538 multo
644 3465 825 3564 debilius,
850 3495 965 3572 quarn
992 3467 1126 3564 caeteri
1147 3465 1332 3561 ambitus,
1358 3463 1540 3568 procedit.
1563 3505 1615 3522 ·-·
1665 3463 1771 3536 Exa-
1828 3479 1834 3492 ·
1902 3564 1904 3576 Ι

181 3619 274 3670 men
312 3592 346 3666 si
382 3591 510 3666 denno
541 3593 849 3691 instituebarnus,
900 3598 1056 3699 quando
1097 3623 1215 3674 orum
1261 3595 1395 3673 solitae
1436 3592 1575 3677 maturi
1616 3588 1769 3664 seminis
1851 3601 1856 3604 ’

180 3722 436 3825 magnitudini
468 3719 619 3820 jamjam
647 3725 1238 3826 accesserat(Fig.·nost1-.36.),
1278 3737 1372 3799 testa
1407 3735 1554 3812 autern,
1593 3719 1768 3820 quemvis

179 3853 257 3928 luci
289 3879 369 3926 non
402 3849 744 3953 ampliusperria,
788 3852 955 3927 colorem
981 3852 1114 3930 album
1136 3867 1249 3954 atque
1274 3851 1469 3928 mollitiem
1501 3875 1608 3924 suem
1639 3845 1768 3922 adbuc

180 3977 376 4073 servabat,
399 3977 683 4056 involucrorum
708 3981 978 4064 conditio-non
997 3995 1077 4056 erat
1098 3995 1262 4075 mutata,
1285 3995 1549 4083 praeterquam
1573 3978 1767 4080 perisper·

179 4115 249 4190 mii
276 4107 486 4188 exterioris:
524 4109 662 4186 caritas
690 4111 790 4183 euim
815 4109 956 4212 ipsius,
992 4109 1102 4188 altius
1127 4131 1243 4212 qnam
1266 4121 1377 4183 antea
1397 4105 1649 4200 merendare,
1679 4103 1766 4179 for-

128 4253 134 4261 ’
177 4267 286 4318 mam
310 4263 417 4316 suam
440 4232 621 4312 linearem
642 4237 680 4312 in
704 4236 910 4340 oblongam
935 4253 1163 4332 mutaverat,
1196 4237 1428 4328 extremitate
1452 4249 1614 4336 utraque
1635 4233 1765 4306 eiren-

175 4368 248 4444 lari
275 4365 379 4468 (ng.
403 4375 523 4438 nostr·
540 4367 627 4464 att
650 4409 704 4426 -
753 4368 984 4469 Insigniores
1003 4383 1130 4446 autem
1154 4367 1264 4442 fuere
1285 4365 1533 4458 mutationes,
1558 4385 1646 4434 cum
1668 4370 1763 4430 testa

174 4495 418 4572 indurescere
445 4485 647 4593 inciperet,
681 4505 872 4598 totamque
898 4523 1004 4573 suam
1035 4495 1170 4598 adepta
1193 4507 1289 4572 esset
1314 4493 1475 4568 molem.
1523 4493 1634 4563 Tunc
1658 4485 1761 4558 enirn

175 4649 314 4702 carum
347 4618 440 4694 illud
464 4619 625 4694 sormam
657 4621 1021 4702 orato-subulatam
1059 4619 1277 4717 exhibebat,
1319 4617 1548 4696 extremitate
1572 4610 1761 4715 superiori

173 4748 353 4828 ῦῐὸδδῖθΐὶ
377 4747 478 4848 (Fid
503 4762 622 4824 ⁰⁰⁸³·
640 4747 724 4848 38»)
753 4764 791 4825 et
814 4755 1102 4860 perisperrnium
1128 4751 1290 4828 interius
1312 4747 1352 4824 in
1377 4727 1463 4852 ipso
1495 4745 1665 4848 primurn
1694 4739 1763 4816 dt-
