4786 5996
1263 475 1550 556 ..52-

612 662 691 754 rix,
716 663 787 738 nisi
821 661 893 740 sub
924 663 1043 762 lente,
1068 663 1236 742 barbati:
1262 665 1350 743 hinc
1377 692 1518 742 nomen
1543 663 1686 743 triviale
1713 689 1847 768 parum
1884 667 2067 746 convenit.
2117 667 2200 744 Fo-

607 790 658 866 lia
684 793 864 871 inferiora
886 796 1093 890 triternata,
1117 794 1314 896 superiora
1337 792 1536 890 biternata,
1561 793 1701 870 foliolis
1728 791 2092 888 ovato-rhombeis,
2122 821 2201 870 an-

607 921 736 995 teriori
761 937 867 1023 parte
893 923 1029 998 incisis.
1079 920 1205 998 Petale
1231 919 1353 1012 lutea,
1392 923 1489 998 sicut
1512 923 1552 996 in
1590 925 1628 997 S.
1669 946 1833 1016 aureo,
1870 947 1941 996 nec
1963 921 2199 999 ocbroleuea.

608 1037 706 1122 Huic'
739 1051 981 1152 caeteroquin
1013 1050 1124 1126 nimis
1162 1052 1272 1128 affine
1313 1050 1461 1128 videtur
1503 1049 1812 1151 Ligusticum
1861 1049 2199 1126 actaeifolium

609 1175 767 1252 Mich.:
794 1195 832 1255 at
858 1177 1119 1278 Thapsiam
1154 1177 1441 1254 trifoliatanr
1467 1178 1601 1254 Linn.
1635 1205 1714 1252 non
1740 1176 1814 1253 buc
1841 1177 1995 1279 quidem
2022 1203 2108 1252 cum
2141 1175 2199 1250 Ill.

607 1304 908 1406 Sprengelio,
929 1305 995 1378 sed
1021 1305 1069 1380 ad
1096 1307 1371 1410 Smyrnium
1397 1307 1648 1382 cordatum
1672 1303 1820 1383 Watt
1846 1331 1924 1380 esse
1947 1304 2196 1395 referendam,

605 1453 626 1502 e
658 1429 841 1532 diagnosi‘
858 1459 928 1508 neo
965 1459 1044 1510 non
1070 1461 1285 1538 synonymo
1311 1435 1559 1514 Gronoviano
1584 1434 1674 1510 satis
1699 1459 1886 1536 superque
1912 1433 2040 1509 elucet.

718 1635 991 1738 Smyrnium
1033 1635 1318 1738 apiisolium
1363 1635 1501 1715 Willd.
1569 1635 1701 1711 Planta
1729 1633 2018 1712 recentioribus
2059 1660 2195 1736 parum

602 1764 762 1866 cognita,
785 1763 874 1839 hinc
897 1790 1030 1838 mance
1052 1763 1260 1840 admodum
1281 1764 1481 1868 descripta,
1507 1791 1529 1840 a
1557 1761 1821 1858 Candollio
1848 1757 1995 1866 (Prodr.
2009 1767 2072 1846 IV·
2093 1765 2197 1864 247)

601 1919 673 1992 pro
700 1895 737 1966 S.
765 1891 984 1968 Olusatri
1010 1893 1188 1969 varietate
1213 1905 1410 1997 perperam
1437 1891 1607 1969 babetur.
1643 1934 1695 1950 -
1729 1883 1855 1968 Caelis
1890 1893 1943 1968 illi
1977 1909 2032 1969 est
2060 1919 2196 1986 ramo-

600 2007 769 2098 sissimus
802 2019 1000 2123 ungulatus
1034 2019 1199 2096 loliosus.
1270 2022 1379 2098 Folia
1409 2021 1557 2097 caulina
1591 2023 1769 2098 inferiora
1810 2021 2196 2126 sopradecomposita,
2262 2091 2268 2102 .

602 2178 752 2232 summa
787 2149 1008 2249 composita.
1070 2147 1237 2224 Petiolus
1274 2149 1496 2230 universalis
1532 2153 1572 2225 in
1607 2151 1781 2252 vaginam
1811 2152 1923 2226 latam
1950 2147 2196 2226 membrana-

604 2305 709 2354 ceam
736 2294 792 2356 est
818 2303 1024 2380 expansus,
1050 2276 1224 2376 partiales
1248 2275 1320 2354 sub
1347 2277 1487 2379 angulo
1513 2255 1844 2382 recto'prodeunt.
1895 2275 2045 2354 Foliola
2067 2277 2195 2380 petio-

599 2405 674 2482 luta
704 2404 1152 2482 cuneiformi-rbombea
1177 2407 1303 2482 trifida
1334 2379 1451 2480 ibrisa
1478 2404 1619 2508 glabra.
1676 2405 1874 2483 Umbellae
1910 2406 1969 2486 rel
2006 2404 2195 2510 oppositi-

597 2532 711 2608 soliae
734 2549 770 2607 et
788 2549 876 2608 tunc
899 2533 1062 2610 breviter
1079 2532 1369 2635 pedunculatae,
1398 2532 1459 2612 vel
1484 2533 1706 2610 terminales.
1756 2536 2001 2614 Involucrum
2025 2532 2192 2630 nullum;

597 2659 823 2740 involucella
858 2659 1128 2766 subtripbylla,
1167 2659 1309 2735 foliolis
1353 2658 1536 2737 subulatis
1569 2660 1817 2757 abbreviatis,
1852 2664 2042 2738 interdum
2076 2659 2190 2736 nulla·

598 2767 716 2892 Calyrr
739 2816 872 2892 margo
894 2792 1098 2868 undulatus
1125 2789 1336 2865 edentulus
1383 2789 1509 2865 Petale
1537 2789 1622 2865 alba
1648 2791 1834 2867 radiantia
1863 2791 2070 2868 obcordata
2097 2817 2191 2864 acu·

594 2920 698 2993 minc
718 2919 866 2995 inflexa.
918 2917 1106 2995 Glandula
1124 2919 1298 3020 depressa
1312 2911 1613 3020 patellaelormis,
1641 2921 1809 3020 margine
1829 2919 1997 2996 similiter
2011 2922 2190 2995 flexuoso.

598 3045 695 3149 Styli
737 3047 1051 3126 divaricatissimi.
1117 3049 1277 3122 Fructus
1311 3048 1500 3149 nigricans
1543 3046 1838 3162 subrotundus,⁸
1860 3049 2118 3150 magnitudine
2150 3062 2192 3122 ut

598 3174 741 3250 Gonii
766 3171 1021 3268 maculati,
1048 3201 1070 3248 a
1091 3173 1204 3248 latere
1231 3201 1492 3276 compressus,
1520 3177 1773 3262 commissura,
1793 3177 2065 3280 angustissima.
2117 3183 2190 3258 Se-

594 3328 684 3376 men
708 3303 897 3402 singulum
924 3303 1070 3401 angulis
1094 3303 1256 3403 quinque
1282 3302 1626 3406 aequidistantibus.
1677 3304 1881 3401 Albumen,
1904 3337 1979 3410 qua
2003 3313 2189 3388 commis-

593 3457 702 3506 surae
724 3430 940 3531 respondet,
971 3429 1289 3531 longitudinaliter
1304 3447 1531 3511 excavatum.
1582 3435 1618 3507 A
1643 3431 1698 3508 Cl.
1731 3448 1767 3508 et
1788 3437 2014 3514 amicissimo
2040 3445 2185 3518 Bern-

593 3557 765 3634 hardio
791 3557 904 3657 hujus
930 3557 1079 3661 plantae
1105 3559 1294 3660 specimen
1322 3560 1362 3636 in
1389 3562 1520 3635 Cretae
1544 3561 1598 3635 M.
1626 3560 1694 3636 Ida
1716 3561 1876 3660 lectum,
1903 3565 1973 3641 sub
2000 3572 2090 3647 novi
2116 3599 2186 3672 ge—

593 3687 719 3780 neris,
748 3687 1007 3764 Anosmiae
1034 3687 1144 3782 dicti,
1180 3687 1288 3764 titulo
1316 3688 1538 3792 accepimus.
1590 3691 1750 3766 Enotis
1777 3693 1928 3794 quidem
1955 3724 2184 3798 supraenu-

592 3816 744 3889 meretis
775 3830 898 3916 patet,
924 3807 1054 3892 revera
1081 3816 1201 3916 ipsam
1233 3813 1281 3888 ab
1306 3814 1387 3890 aliis
1421 3821 1633 3922 Smyrnii
1665 3821 1859 3923 speciebus
1885 3825 2058 3901 recedere
2081 3827 2186 3933 caly-

508 3941 514 3954 ’
593 3944 646 4017 cis
675 3945 821 4044 proprii
849 3971 892 4019 ac
918 3941 1290 4044 glandulaesorma,
1318 3944 1571 4044 petalis'albis
1598 3949 1877 4050 inaequalibus,
1903 3978 1972 4029 nec
1998 3983 2077 4030 non
2105 3970 2185 4031 sta·-

591 4087 685 4145 tura.
737 4073 839 4145 Num
868 4085 992 4146 tamen
1018 4069 1110 4144 baec
1144 4099 1214 4172 pro
1254 4073 1502 4149 distinctionis
1534 4103 1652 4176 scopo
1681 4079 1929 4178 satisfaciant,
1981 4085 2099 4186 ipsius
2131 4085 2184 4162 Cl.

593 4201 674 4278 Viri
704 4215 741 4275 et
766 4198 928 4275 aliorum
956 4226 1069 4302 quarn
1101 4226 1171 4274 nos
1196 4201 1492 4278 exercitatiorum
1531 4203 1959 4312 judiciorelinquimus.
2018 4309 2020 4312 Ι

1119 4453 1120 4458 ’
1197 4449 1597 4474 m
