4786 5996
838 569 1129 654 ...87-

195 762 300 867 poris
329 760 492 866 spatium
518 775 686 838 remanet
718 763 818 866 (Fig.
845 777 964 843 nostr.
990 779 1051 856 70.
1074 763 1153 864 71.)
1185 801 1226 818 -
1291 755 1406 836 Plane
1438 760 1533 841 clius
1569 777 1694 840 tomen
1727 775 1783 838 est

197 891 353 988 modus,
396 917 475 994 quo
512 891 824 992 germinationem
859 894 899 968 in
932 890 1209 998 Cyclamine
1235 888 1440 990 procedere
1465 889 1537 966 sibi
1562 917 1781 994 persuasum

196 1018 311 1096 habet
333 1019 387 1096 Ill.
409 1018 671 1096 Mirbelius
700 1023 854 1122 (Eram.
883 1023 918 1098 d.
940 1019 964 1096 l.
997 1022 1071 1100 dir.
1096 1019 1131 1094 d.
1152 1023 1305 1120 regen
1327 1017 1549 1096 eudorhizes
1567 1036 1656 1112 etc,
1683 1021 1781 1092 Anu.

197 1149 249 1224 du
273 1151 374 1224 Mus.
398 1151 499 1226 XVI.
517 1161 603 1236 454
630 1163 655 1224 t.
668 1148 733 1222 v1.
756 1147 892 1250 (xxt.)
916 1151 1019 1250 [1.).
1072 1148 1141 1224 llla
1167 1149 1266 1224 enim
1292 1147 1510 1255 embryonis
1535 1175 1644 1252 pars,
1666 1172 1780 1248 quam

199 1275 432 1380 cotyledonis
476 1275 630 1352 nomine
666 1277 981 1352 Gacrtnerum
1017 1277 1166 1382 sequuti
1199 1275 1497 1378 designavimus,
1550 1272 1781 1352 Mirbelio

197 1401 421 1483 observante
441 1403 589 1480 sulcum
609 1399 724 1478 habet
748 1397 1078 1506 longitudinalem3
1115 1404 1228 1482 simul
1252 1433 1297 1482 ex
1321 1403 1406 1506 ipso
1433 1407 1695 1511 cotyledouem
1719 1405 1781 1477 in-

196 1545 253 1607 ter
278 1546 316 1608 et
338 1533 605 1608 extremitatem
630 1528 877 1608 radicularcm
902 1561 1043 1638 corpus
1077 1531 1295 1636 embryonis
1325 1549 1381 1610 est
1406 1548 1666 1636 angustatum,
1703 1559 1780 1634 quo

197 1659 431 1764 cotyledonis
455 1657 616 1763 petiolus
641 1664 837 1737 formatur.
890 1661 966 1738 Ubi
988 1661 1212 1764 germinatio
1232 1661 1386 1736 seminis
1410 1660 1535 1738 locum
1563 1659 1688 1755 habet,
1716 1687 1781 1736 ra-

197 1785 358 1864 diculam
390 1814 578 1889 egressam
609 1817 699 1864 mox
730 1792 899 1892 sequitur
926 1788 1127 1895 cotyledon
1159 1817 1246 1868 curn
1286 1787 1427 1890 petiolo
1457 1815 1552 1883 suo,
1589 1790 1654 1892 qui
1687 1788 1779 1864 dum

197 1911 417 2016 elongatur,
455 1915 623 2018 dumque
647 1913 740 1992 sulci
767 1918 885 1992 modo
909 1919 996 1994 dicti
1024 1932 1180 2019 uterque
1203 1943 1336 2017 margo
1363 1931 1574 1992 attenuatur
1598 1931 1633 1992 et
1654 1919 1780 1992 iucre-

166 2061 169 2068 ’
196 2057 323 2120 menta
348 2047 450 2146 capit
473 2044 812 2146 loliumprimunr,
849 2046 1034 2148 epetiolo
1061 2061 1173 2150 atque
1196 2044 1335 2120 lamina
1359 2056 1554 2137 constans,
1581 2046 1780 2148 perficitur.

194 2169 299 2246 Talis
320 2185 443 2248 autem
466 2171 700 2277 cotyledonis
725 2173 765 2246 in
784 2171 918 2247 lolium
941 2175 1099 2252 mutatio
1120 2174 1260 2250 nostris
1278 2172 1430 2274 quidem
1452 2171 1780 2250 observationibus

193 2295 298 2374 haud
326 2313 382 2376 est
404 2301 634 2394 conformis3
668 2326 791 2400 neque
815 2300 915 2374 enim
936 2299 1170 2404 cotyledonis
1194 2299 1361 2393 sulcum,
1382 2327 1505 2401 neque
1525 2299 1635 2376 talem
1656 2301 1780 2401 petio-

193 2423 299 2524 lum,
340 2427 491 2530 qualem
518 2425 775 2504 Mirbelius
807 2427 949 2529 pingit,
987 2454 1157 2530 unquam
1188 2427 1473 2530 conspeximus,
1515 2453 1638 2530 neque
1667 2428 1778 2502 etiam

196 2557 494 2634 Gaertnerus
516 2554 669 2632 illorum
695 2556 874 2653 neminit,
907 2555 964 2636 vel
985 2558 1026 2632 in
1045 2553 1219 2633 iconibus
1243 2555 1320 2632 suis
1343 2555 1434 2630 tales
1455 2555 1639 2656 exprimit
1689 2555 1780 2627 Du-

194 2702 300 2764 rante
338 2687 610 2788 germinatione
642 2687 790 2787 potius,
847 2685 920 2762 nisi
953 2683 1139 2778 fallimur,
1192 2681 1394 2786 cotyledon
1435 2697 1648 2760 constanter
1689 2681 1779 2764 latet

197 2817 291 2892 intra
322 2817 611 2920 perisperminm
644 2831 681 2892 et
713 2820 877 2920 primurn
916 2813 1097 2920 prodiens
1127 2791 1262 2886 folium
1293 2835 1447 2912 prorsus
1478 2837 1578 2888 nova
1601 2824 1655 2886 est
1681 2839 1778 2914 pro-

200 2943 343 3046 ductio,
381 2945 487 3046 cujus
524 2960 634 3022 antea
666 2944 812 3022 nullum
838 2945 969 3021 aderat
990 2940 1029 3016 in
1055 2940 1196 3018 semine
1221 2938 1427 3039 vestigium.
1488 2939 1653 3017 Simulac
1685 2969 1775 3022 vero

195 3069 268 3146 hoc
298 3071 476 3150 laminam
500 3101 606 3151 suam
637 3072 814 3176 explicat,
850 3099 1010 3176 corpore
1036 3067 1255 3172 embryonis
1280 3067 1408 3142 medio
1438 3069 1577 3144 interea
1603 3071 1643 3145 io
1666 3068 1777 3176 tuber

191 3214 358 3293 extenso,
383 3225 511 3275 semen
536 3201 741 3278 emulctunr
767 3203 917 3299 decidit,
952 3201 1125 3280 exaridoe
1150 3193 1381 3298 cotyledonis
1409 3210 1534 3272 tamen
1560 3225 1648 3300 pars
1676 3199 1777 3274 inle-

192 3331 273 3402 rior
307 3327 480 3428 elongata
513 3355 580 3430 per
614 3329 768 3432 aliquod
795 3343 943 3432 tempus
977 3327 1101 3405 adbuc
1133 3321 1205 3399 sub
1232 3323 1354 3398 sorma
1381 3349 1579 3426 processus
1607 3325 1774 3400 uncinati

192 3467 371 3530 remanet.
437 3457 546 3532 Hanc
581 3455 839 3532 Mirbelius
873 3457 996 3562 probe
1032 3449 1293 3532 animadvertit
1332 3451 1485 3553 quidem
1521 3457 1692 3556 proxime
1728 3456 1776 3530 ad

129 3641 132 3650 ,
194 3583 359 3686 primum
384 3581 519 3659 lolium
539 3577 738 3679 insertam,
769 3585 835 3662 sed
858 3613 931 3688 pro
950 3585 1166 3660 rudimento
1191 3580 1348 3658 secundi
1376 3578 1456 3656 sotii
1479 3609 1677 3686 perperam
1702 3581 1775 3660 lra-

194 3709 289 3786 buit.
330 3753 383 3770 -
442 3712 580 3807 Quoad
617 3711 834 3818 embryonis
868 3716 1031 3792 fonnem
1067 3709 1143 3786 hoc
1178 3709 1343 3810 denique
1381 3711 1615 3788 mouendum
1649 3729 1774 3810 restat,

193 3839 317 3942 ipsum
343 3867 366 3916 a
395 3841 449 3917 Cl.
482 3845 749 3920 Gaertnero
779 3843 869 3920 lrino
900 3841 1155 3920 acuminatum
1184 3837 1347 3915 describi
1376 3865 1419 3914 ac
1448 3839 1551 3940 pingi
1580 3840 1626 3935 (l.
1651 3869 1681 3918 c.
1706 3845 1772 3918 lll.

193 3977 450 4067 25.t.183.),
491 3967 596 4069 cujus
621 3971 707 4047 loco
734 3988 859 4050 tamen
889 3973 928 4046 in
953 3969 1133 4073 plusculis
1154 3965 1379 4062 seminibus,
1399 3991 1509 4070 -quae
1539 3971 1774 4047 examinari-

191 4121 297 4191 mus,
350 4097 476 4199 ipsum
522 4096 791 4203 cylindricum,
839 4100 1016 4202 utrinque
1054 4095 1259 4192 obtusum,
1310 4098 1538 4176 extremitate
1572 4097 1773 4173 radiculas-i

189 4239 316 4301 tamen
352 4223 467 4326 paulo
500 4229 694 4323 crassiori,
739 4231 961 4308 invenimus.
1035 4227 1085 4302 Et
1115 4225 1210 4304 haec
1238 4227 1395 4328 quidem
1432 4227 1644 4304 extremitas
1681 4225 1771 4302 solis

189 4353 354 4431 obducta
380 4370 436 4432 est
462 4356 614 4432 seminis
640 4358 922 4458 integumentis,
959 4356 1052 4432 dum
1080 4353 1197 4432 altera
1223 4354 1501 4462 cotyledonaris
1524 4354 1771 4433 crassiusculo

190 4485 400 4586 contegitur
420 4485 653 4586 perispcrmii
682 4489 809 4562 cornei
834 4499 964 4563 strato.
