4786 5996
877 524 960 626 ...’
993 565 1052 648 35
1109 603 1169 626 .-

224 779 361 858 iterum
389 807 457 886 per
481 796 539 860 sat
563 781 719 889 longum
745 795 893 890 tempus
917 765 1104 868 oblivioni
1126 781 1196 862 luit
1221 761 1376 879 tradita,
1415 781 1538 860 donec
1564 784 1629 892 illa
1649 791 1813 868 resusci-

225 921 329 984 retur
353 907 425 986 sub
446 912 602 990 nornine

340 1169 650 1248 Conioselini
684 1173 885 1250 tatarici
928 1177 971 1250 F.
1049 1175 1105 1248 Ita
1146 1199 1285 1275 nempe
1327 1170 1382 1248 Cl.
1426 1171 1495 1250 Vir
1537 1173 1579 1248 tt.
1620 1176 1818 1258 Fische-

226 1325 307 1373 rus
333 1301 372 1374 in
397 1300 513 1376 Catal.
539 1301 699 1376 Gorinlr.
723 1328 756 1377 a.
786 1319 898 1392 1819.
930 1303 1078 1380 vocavit
1103 1299 1293 1404 plantam,
1319 1297 1425 1398 cujus
1448 1301 1613 1398 semina,
1650 1307 1704 1381 uti
1731 1309 1816 1411 lpse

227 1453 297 1528 per
326 1424 452 1504 literas
477 1456 549 1506 nos
575 1431 752 1508 certiores
777 1433 878 1527 lecit,
912 1427 1119 1507 infinibus
1144 1427 1359 1529 provinciae
1384 1427 1558 1502 Isetensis
1593 1429 1633 1504 in
1665 1435 1818 1515 australi

227 1554 413 1630 montium
455 1556 695 1636 Uralensium
739 1573 860 1636 tractu
902 1587 1022 1664 prope
1066 1554 1269 1670 Castellum
1317 1553 1548 1632 Guberlinslr
1595 1554 1735 1660 legerat
1769 1565 1816 1640 D.

145 1669 151 1682 ⁹
227 1681 467 1758 Tauscher
497 1697 534 1759 et
567 1685 621 1762 Cl.
648 1689 908 1763 Hoffmann
945 1685 982 1788 (Ι.
1011 1715 1043 1766 c.
1078 1682 1271 1783 XXVIII.)
1306 1680 1385 1780 ejus
1414 1679 1665 1762 characterem
1700 1712 1819 1790 gene-

228 1810 348 1885 ricum
375 1807 554 1892 brevibus
589 1815 762 1908 tradidit,
799 1816 943 1893 addens
986 1815 1094 1914 (ibid.
1122 1815 1225 1908 180.)
1250 1812 1375 1913 ipsum
1409 1811 1536 1914 quoad
1568 1809 1741 1892 liabitum
1777 1842 1820 1897 ac

207 1938 320 2014 -solia
347 1941 527 2034 Conio,
555 1943 681 2045 quoad
706 1946 820 2022 flores
846 1957 959 2045 atque
984 1947 1147 2020 fructum
1177 1939 1305 2019 Selino
1342 1937 1628 2040 quodammodo
1660 1938 1819 2024 similem

228 2090 317 2142 esse.
382 2069 428 2143 ln
463 2067 577 2144 Flora
618 2071 771 2148 Silesiae
817 2097 839 2148 a
883 2071 1144 2148 Wimmero
1196 2095 1241 2144 ac
1287 2063 1564 2142 Graboscio
1608 2074 1820 2178 conscripta

227 2197 272 2294 (I.
297 2198 400 2295 266.)
435 2209 474 2270 et
496 2223 598 2274 none
634 2227 837 2304 quoquea
869 2198 1131 2278 Candollio
1165 2193 1315 2298 (Prodr.
1343 2196 1408 2269 lv.
1445 2195 1554 2297 ·164.)
1595 2201 1823 2302 proponitur

226 2337 409 2428 tanquam
440 2353 541 2402 nora
576 2331 786 2430 systematis
822 2327 1086 2429 vegetabilium
1115 2323 1301 2426 simulque
1338 2324 1564 2400 Germaniae
1593 2327 1704 2422 civis,
1733 2333 1822 2406 Co·

229 2451 524 2528 nioselinum
558 2452 776 2532 Fischeri
813 2455 933 2548 dicta,
972 2455 1079 2555 cujus
1105 2479 1348 2558 synonymon
1381 2451 1517 2527 dicitur
1543 2454 1821 2534 Conioseli-

231 2605 339 2654 num
365 2582 622 2656 tataricum
657 2583 813 2675 Fisch.
872 2586 995 2686 Aegre
1021 2597 1145 2658 autem
1173 2579 1252 2678 ejus
1289 2607 1374 2656 cum
1407 2581 1507 2656 nacti
1540 2607 1704 2660 essemus
1732 2613 1822 2690 spe-

234 2707 377 2802 cimen,
399 2708 441 2783 itt
465 2709 650 2784 montium
672 2721 794 2786 tractu
818 2710 989 2788 Silesiam
1015 2711 1113 2786 inter
1134 2711 1424 2815 Moru'riamque
1449 2708 1689 2808 decurrente,
1716 2715 1823 2814 ejus-

232 2861 306 2938 que
331 2835 614 2938 comparatione
643 2836 812 2916 instituta
838 2848 924 2916 cum'
952 2839 1111 2918 Selini
1142 2835 1350 2916 Gmelini
1377 2837 1601 2938 specimine,
1633 2842 1738 2944 quod
1765 2843 1820 2920 Cl.
1952 2829 1967 2842 ⁸

229 2963 541 3042 Ledebourio
570 2963 773 3064 debemus,
798 2968 846 3045 de
870 2945 1067 3044 identitate
1092 2969 1288 3070 utriusque
1311 2947 1461 3067 plantae
1486 2967 1662 3042 certiores
1690 2991 1821 3047 samua

208 3096 339 3186 lacti,
374 3094 703 3194 convenientibus,
729 3125 825 3201 quae
851 3095 898 3172 de
924 3099 1042 3198 ipsius
1068 3097 1282 3174 charactere
1311 3093 1466 3170 tradidit
1489 3097 1819 3176 Hoffmannus.

228 3223 332 3296 Num
368 3247 458 3297 rero
496 3225 865 3304 Conioselinum
898 3226 1158 3327 lngricum,
1185 3251 1207 3300 a
1233 3221 1289 3300 Cl.
1324 3221 1557 3299 Fischero
1592 3226 1632 3300 in
1664 3225 1745 3300 lnd.
1771 3225 1820 3330 pl.
1884 3317 1896 3330 ·

215 3349 266 3425 ·h.
294 3349 373 3425 bot.
400 3352 671 3453 Petropolitani
697 3353 745 3429 ad
772 3381 805 3430 a.
842 3369 954 3442 1824.
987 3365 1267 3448 enumeratum,
1291 3377 1313 3426 a
1346 3352 1475 3454 planta
1504 3379 1618 3456 supra
1639 3357 1821 3432 recensita
1875 3387 1878 3396 ’

230 3477 391 3574 differat,
418 3501 488 3555 nec
513 3507 574 3574 ne,
601 3481 653 3558 ob
680 3481 868 3560 desectum
892 3481 1173 3578 informationis
1200 3484 1241 3560 in
1266 3480 1385 3560 dubio
1409 3479 1620 3584 relinquere
1638 3483 1820 3586 cogimur.

942 3825 979 3930 g.
1035 3824 1099 3902 15.

726 4009 1320 4092 raucsnauum

344 4213 678 4296 Peucedanum
711 4241 735 4293 a
766 4217 968 4298 Ferulae
1001 4217 1470 4322 conjunctissimo'genere
1494 4230 1687 4320 separant:
1723 4217 1819 4292 Ko-

229 4344 366 4422 chius
392 4345 505 4446 (Dias.
519 4348 595 4448 96.)
618 4346 828 4450 petalorum
854 4347 997 4440 sorma,
1034 4373 1131 4450 quae
1161 4344 1465 4450 subernarginata
1495 4361 1584 4422 sunt
1619 4345 1659 4419 in
1685 4343 1817 4446 priori,

233 4475 378 4575 integra
398 4487 524 4550 autern
546 4491 581 4551 et
600 4479 810 4554 acuminata
832 4479 873 4554 in
891 4474 1111 4580 posteriori3
1135 4473 1189 4550 Ol.
1217 4475 1555 4564 Ledebourius
1580 4485 1711 4548 con'tra
1732 4471 1770 4571 (1.
1786 4499 1817 4548 c.
1857 4501 1867 4586 j
1938 4457 1941 4464 ’

232 4605 336 4703 319.)
358 4602 499 4683 mavult
524 4603 572 4678 ad
600 4604 707 4680 vittas
736 4633 946 4699 recurrere,
972 4630 1069 4706 quae
1091 4604 1216 4678 minus
1242 4604 1283 4678 in
1308 4604 1591 4680 Peucedano
1627 4614 1714 4676 sunt
1740 4627 1819 4674 nu·
1871 4639 1880 4654 ·

222 4748 421 4826 merosus,
457 4759 570 4835 quam
599 4735 639 4808 in
661 4729 865 4811 serula?
888 4746 1045 4836 utraque
1078 4748 1204 4808 tamen
1230 4747 1323 4808 nota
1359 4759 1430 4836 pro
1456 4731 1662 4836 specierum
1690 4727 1819 4804 distri-

1297 4859 1324 4934 5
