4786 5996
1245 507 1630 600 ··-66-ι

2093 660 2101 686 ,

713 711 904 814 Singulari
930 712 1057 813 itaque
1084 724 1120 785 et
1143 707 1295 786 insolita
1313 711 1381 787 'eia
1408 712 1579 814 procedit
1605 696 1740 790 natura
1767 713 1804 788 in
1832 695 2042 790 evolvendo
2071 717 2190 790 Tr'ass

542 940 547 948 .
599 870 684 952 pac
715 869 815 945 oro:
864 842 1030 945 primunr
1065 841 1104 914 in
1139 867 1205 933 eo,
1242 842 1348 943 quod
1382 842 1617 944 corpusculi,
1655 843 1831 944 deinceps
1868 841 1910 916 in
1943 840 2191 951 embryonem

602 969 860 1064 adolescentis,
882 969 958 1068 jam
984 969 1088 1043 adest
1109 969 1366 1044 rudimentum
1379 959 1671 1048 foecundatione
1691 973 1750 1048 vix
1772 967 1937 1073 peraeta,
1962 997 2047 1044 curu
2070 959 2192 1071 prima

602 1099 819 1205 ernhryonis
845 1098 1006 1174 stamina
1032 1097 1071 1170 in
1098 1075 1181 1170 aliis
1207 1095 1345 1198 plantis
1371 1127 1450 1176 non
1477 1126 1658 1204 apparere
1684 1101 1850 1194 solca'nt,
1885 1099 1958 1174 nisi
1984 1095 2102 1172 multo
2129 1125 2193 1172 sc·-

602 1229 700 1322 rius,
742 1243 777 1303 et
802 1243 895 1303 tunc
920 1223 1095 1326 quidem,
1134 1251 1220 1300 cum
1253 1229 1438 1304 exteriora
1466 1230 1583 1330 ipsius
1602 1215 1803 1306 involucra
1829 1228 2067 1302 indurescere
2091 1227 2194 1300 inci-

603 1360 712 1460 piunt
743 1359 791 1458 (l.
810 1385 842 1433 c.
870 1360 956 1449 54).
1034 1354 1210 1430 Secundo
1250 1354 1336 1431 loco
1368 1360 1493 1434 notari
1525 1372 1689 1433 meretur
1719 1353 1963 1432 membranae
1999 1359 2191 1432 exterioris

605 1486 792 1581 defectus,
826 1482 932 1582 cujus
970 1495 1108 1558 tamen
1131 1483 1186 1558 rei
1224 1498 1261 1559 et
1299 1485 1371 1563 alia
1409 1491 1507 1563 inter
1538 1471 1693 1587 'plantas
1717 1483 1887 1586 exempla
1910 1483 2118 1577 habemus,
2152 1484 2193 1562 in

606 1617 728 1715 specie
753 1611 854 1714 apud
879 1607 1249 1708 Umbellileras,
1276 1631 1436 1716 quarum
1464 1641 1602 1706 ovum,
1625 1641 1646 1688 e
1669 1609 1890 1688 membrana
1915 1614 2060 1688 interna
2079 1625 2191 1713 atque

607 1743 854 1844 perisperrnio
880 1753 1080 1832 constans,
1106 1740 1190 1816 solo
1217 1743 1416 1821 involucro
1440 1745 1585 1819 fructus
1609 1739 1822 1818 includitur.
1874 1743 2063 1834 Tertium,
2089 1739 2193 1841 quod

606 1873 917 1948 observationum
943 1869 1108 1972 suggerit
1131 1873 1265 1964 series,
1301 1872 1416 1975 idque
1441 1872 1602 1946 maxime
1629 1885 1763 1949 notatu
1794 1873 1971 1974 dignum,
2005 1884 2061 1944 est
2084 1881 2191 1970 coty-

540 2043 543 2050 ·
604 1998 752 2075 ledonis
777 1996 977 2093 adhaesio,
1002 1998 1080 2073 sive
1103 2023 1147 2076 ea
1171 2015 1316 2078 tanturn
1340 2002 1467 2104 apice,
1493 1999 1550 2074 uti
1575 2000 1852 2076 Tittmanno
1874 1998 2032 2102 placuit,
2055 2000 2190 2076 sivein

604 2143 686 2205 toto
713 2127 793 2228 ejus
819 2124 977 2220 ambitu,
1001 2127 1059 2206 nti
1085 2124 1199 2205 nobis
1223 2131 1390 2224 ridetur,
1411 2127 1538 2203 locum
1559 2124 1717 2222 habeat,
1744 2115 2046 2229 cellulosae'ope,
2070 2127 2192 2204 farina

604 2257 791 2330 nutriente
817 2253 989 2356 repletae.
1042 2257 1099 2330 Ita
1123 2259 1223 2332 enirn
1249 2259 1309 2354 fit,
1334 2271 1376 2333 ut
1401 2269 1529 2332 semen
1556 2254 1631 2334 hoc
1654 2254 1819 2329 medium
1839 2255 1887 2327 sit
1905 2251 2189 2356 quodammodo

606 2387 713 2458 inter·
737 2381 1019 2459 albuminosum
1046 2397 1081 2458 et
1107 2384 1453 2480 exalbuminosum,
1494 2385 1587 2460 dum
1613 2377 1768 2460 materia
1790 2383 1925 2460 alibilis
1951 2398 2055 2458 extra
2080 2398 2191 2488 coty-

607 2510 781 2587 ledonem
814 2539 894 2588 non
935 2510 1082 2608 haeret,
1127 2529 1172 2588 ut
1205 2516 1244 2590 iri
1280 2515 1420 2617 priori,
1460 2540 1530 2588 nec
1555 2515 1654 2588 intra
1677 2513 1798 2615 ipsam
1824 2513 2045 2615 suscipitur,
2083 2526 2125 2587 ut
2149 2513 2189 2588 in

603 2642 822 2741 posteriori,
858 2641 925 2718 sed
953 2643 993 2716 in
1017 2643 1176 2720 transitu
1196 2645 1305 2749 quasi
1329 2639 1446 2720 uobis
1470 2638 1703 2725 obversatur.

1357 2917 1460 2996 .5.

1195 2919 1603 3152 ANdHUsA.

717 3263 775 3336 De
798 3261 935 3357 modo,
957 3289 1035 3366 quo
1062 3266 1101 3341 in
1128 3263 1539 3368 Asperiloliarurn
1567 3266 1702 3340 ordine
1728 3292 1855 3341 sernen
1876 3249 2086 3369 perficitur,
2114 3268 2186 3344 alio

603 3388 688 3466 loco
714 3390 762 3486 (l.
781 3419 810 3466 c.
836 3393 1302 3495 §.18.)verbasacientes,
1325 3395 1365 3468 in
1386 3393 1597 3496 exemplum
1614 3396 1668 3471 rei
1681 3396 1885 3472 sumsimus
1902 3392 2185 3497 Lithosper·

603 3547 721 3594 mum
750 3525 1036 3599 arvernen:
1070 3522 1137 3599 sed
1163 3523 1255 3617 iste,
1282 3548 1380 3625 quac
1403 3521 1647 3618 tradidimus,
1673 3550 1753 3600 non
1778 3551 1914 3626 parurn
1941 3550 2075 3600 manea
2101 3551 2185 3600 eum

556 3729 561 3749 ,
603 3651 703 3747 sint,
738 3648 844 3726 lubet
884 3646 966 3724 heic
999 3647 1250 3742 absolutiores
1286 3651 1492 3752 quasdam,
1538 3653 1591 3727 uti
1627 3677 1845 3753 speramus,
1887 3655 1926 3726 in
1964 3651 2185 3730 Anchusa

603 3779 905 3865 versicolore
936 3779 1025 3854 ΜΒ.
1059 3776 1341 3884 observationes
1371 3793 1568 3880 exponere.
1604 3821 1651 3836 -
1703 3782 1869 3855 Fructus
1889 3777 1977 3853 huic
2002 3793 2112 3873 sunt,
2144 3794 2184 3854 ut

603 3915 641 3987 in
664 3925 745 3986 toto
771 3935 928 4010 genere,
954 3909 1149 4012 quaterni,
1186 3933 1348 4010 quorum
1376 3905 1567 4007 singulus,
1594 3907 1632 3981 in
1654 3908 1856 3982 tenerrimo
1881 3899 2069 4012 principio
2096 3938 2184 3987 exa-

604 4042 789 4132 minatus,
839 4041 1035 4116 caritatem
1074 4034 1246 4130 exhibet,
1298 4033 1439 4136 duplici
1476 4032 1657 4110 inclusam
1695 4033 1788 4110 telae
1825 4035 2023 4114 cellulosac
2056 4055 2182 4114 strato.

601 4171 750 4244 Horum
777 4169 932 4244 interius
955 4168 1150 4244 cavitatem
1176 4165 1337 4266 perfecte
1362 4159 1500 4256 ambit,
1530 4163 1715 4238 foramine
1738 4178 1914 4266 excepto,
1949 4165 2055 4270 qnod
2080 4168 2185 4244 luni-

601 4297 686 4378 eulo
720 4295 925 4372 umbilicali
962 4296 1157 4371 introitum
1191 4291 1421 4395 praebet'et‘
1440 4315 1637 4392 perperam
1671 4293 1713 4366 in
1743 4290 2078 4396 Lithospcrnro
2113 4325 2183 4400 pro

601 4427 822 4506 membrana
851 4427 914 4504 ovi
939 4439 1088 4500 externa
1115 4451 1137 4498 a
1165 4420 1277 4498 nobis
1298 4421 1527 4496 declaratum
1552 4418 1631 4494 suit.
1690 4421 1866 4500 Exterius
1892 4439 2047 4520 contra,
2078 4425 2183 4528 quod

597 4559 717 4634 multo
743 4560 951 4634 firmiorem
978 4567 1194 4630 contextum
1220 4547 1391 4643 exhibet,
1411 4571 1564 4651 ‘semper
1589 4571 1725 4654 magne
1746 4547 1882 4626 baseos
1906 4568 2081 4655 apertura
2107 4552 2182 4628 hiat

598 4703 631 4762 et
660 4684 767 4782 hinc,
799 4700 885 4789 post
910 4685 1162 4762 maturitatem
1187 4679 1285 4756 sacta
1310 4676 1574 4779 inquisitione,
1609 4684 1929 4758 aGaertnero
1971 4683 2082 4756 “nux
2102 4682 2180 4757 iru-
