4786 5996
201 705 346 792 Lam,
378 700 440 776 cui
468 699 582 776 flores
605 710 695 774 stant
729 697 1016 798 atropurpurei,
1054 695 1155 770 baud
1192 697 1389 800 separavit
1440 695 1576 776 Bostea
1613 714 1790 778 tamena

199 826 444 904 Nuttallio
479 811 656 904 inductus
686 827 799 928 (Syst
831 825 878 898 V.
920 823 978 898 ed.
1011 825 1056 898 R.
1084 829 1122 900 S.
1154 826 1245 924 vt).
1269 839 1469 930 utramque
1504 827 1672 929 plantam
1709 859 1790 906 non

200 955 319 1034 modo
345 955 481 1058 specie,
502 956 570 1034 sed
596 955 707 1032 etiarn
730 977 866 1057 genere
896 951 1081 1050 disjunxit
1100 965 1137 1026 et
1166 929 1413 1054 posteriorem
1440 955 1596 1030 nomine
1625 957 1794 1046 Cnidii

198 1087 547 1194 atropnepursi
570 1081 784 1186 designavit
807 1077 846 1180 (l.
863 1100 897 1154 c.
922 1088 1039 1172 tto-t,
1059 1079 1121 1154 cui
1147 1081 1300 1182 quidem
1329 1083 1385 1160 Cl.
1414 1081 1606 1160 Nuttall
1628 1085 1791 1174 fructum

201 1213 333 1292 tribuit
363 1216 477 1292 cortis
502 1213 632 1290 decem
660 1205 940 1285 albidis·elatia
955 1208 1199 1304 instructum,
1230 1208 1285 1284 illi
1312 1239 1403 1288 vero
1430 1211 1601 1288 eundem·
1617 1213 1792 1314 utrinque

198 1344 238 1420 in
263 1343 423 1446 angulos
456 1338 841 1440 tresimrnarginatns
865 1335 1065 1414 elevatum.
1112 1337 1592 1441 'Sprengelius'postea
1617 1344 1672 1440 (S.
1701 1345 1791 1443 Veg.

199 1471 257 1548 ed.
279 1475 381 1549 XVI.
403 1475 430 1548 l.
456 1481 564 1573 891.)
595 1464 808 1573 Smyrnii
839 1465 1035 1540 cordati
1066 1463 1347 1562 characteribus
1373 1467 1480 1542 addit
1514 1463 1791 1549 “ihvnlucrnm

199 1615 402 1703 utrumqne
428 1598 632 1693 nullum’'‚
671 1595 762 1672 dum
790 1591 952 1671 Cnidii
988 1595 1336 1708 atropurpurei
1362 1593 1585 1671 ineolucella
1620 1598 1793 1675 dicantur

200 1727 395 1805 dimidiata
419 1725 598 1834 triphylla
624 1719 663 1828 (l.
688 1749 721 1798 c.
746 1725 862 1818 888.)
922 1719 996 1798 Sed
1024 1723 1103 1824 ipse
1142 1722 1198 1798 Cl.
1232 1721 1425 1799 Nuttall
1460 1723 1574 1818 (Gen.
1609 1725 1791 1804 Amcet
1853 1773 1855 1778 .

102 1834 103 1838 Ἴ
202 1859 303 1958 195.)
343 1857 566 1967 διψηίο
604 1850 856 1930 trifoliato
895 1847 1028 1925 tribuit
1064 1847 1288 1928 involocella
1329 1849 1507 1958 triphylla
1540 1851 1790 1932 unilateralia:

199 2015 271 2066 nos
296 2000 420 2064 autem
450 1985 490 2060 in
516 1976 787 2086 speciminibus
816 1979 1011 2082 utriusque
1036 1976 1186 2082 plantae
1210 1977 1446 2056 Americanis
1469 1979 1692 2060 ineolucella
1715 1982 1793 2060 ob·

197 2141 390 2194 servamus
412 2114 474 2190 vix
499 2136 668 2216 unquam
700 2107 931 2200 deficientia,
970 2131 1050 2181 non
1084 2119 1210 2180 tamen
1247 2107 1458 2182 constantia
1492 2109 1565 2184 nisi
1604 2137 1625 2186 e
1657 2109 1789 2188 soliolo

198 2245 312 2320 unico
340 2239 559 2333 duobusve,
587 2235 850 2314 adsummum
873 2233 995 2312 tribus
1022 2233 1218 2330 subulatis,
1244 2263 1487 2340 nequaquam
1513 2236 1790 2337 unilateraliter,

60 2362 64 2368 ¹
146 2445 151 2458 ,
198 2373 263 2450 sed
290 2372 433 2474 absque
457 2368 591 2443 ordine
617 2365 665 2442 ad
693 2361 922 2442 umbellulae
963 2363 1073 2442 basin
1116 2367 1317 2470 dispositis.
1381 2369 1513 2471 Neque
1547 2367 1692 2446 fructus
1727 2370 1791 2444 di-

202 2529 332 2581 uersus
355 2499 524 2592 videtne,
563 2523 649 2572 cum
673 2495 714 2570 in
738 2495 824 2570 Sm.
859 2510 1218 2598 atropurpureo
1244 2495 1299 2589 is,
1339 2523 1426 2571 cum
1465 2493 1792 2603 adkmaturitatern

201 2627 362 2724 accedit,
386 2637 510 2702 costas
535 2621 711 2725 utrinque
737 2635 813 2698 tres
847 2621 1079 2699 acutissimas
1126 2636 1163 2696 et
1197 2623 1237 2698 in
1275 2625 1361 2700 Sm.
1387 2620 1670 2722 trifoliato,
1714 2629 1792 2706 ilo-

202 2757 383 2833 rescentia
414 2755 476 2831 vix
500 2766 669 2856 peracta,
702 2763 777 2826 tres
803 2751 842 2826 in
868 2764 1029 2854 utroque
1055 2746 1170 2824 latere
1203 2748 1280 2827 alas
1311 2750 1423 2827 nobis
1448 2748 1668 2830 exhibuerit.
1721 2757 1792 2832 vi-

203 2857 339 2964 dentur
363 2883 487 2984 itaque
511 2908 598 2956 cum
624 2875 680 2957 Cl.
701 2879 941 2956 Bartonio
962 2881 1054 2956 istae
1074 2877 1169 2952 duae
1188 2875 1350 2980 plantae,
1375 2909 1471 2984 quae
1489 2879 1601 2956 etiam
1622 2881 1662 2957 in
1687 2879 1792 2958 caule

198 3013 298 3091 soliis
325 3038 369 3088 ac
392 3005 524 3086 babitu
547 3005 760 3084 nullatenus
786 3004 995 3102 ‹lifferuut‚,
1023 3005 1244 3082 varietatum
1260 2989 1358 3111 'lege
1381 3007 1455 3086 boc
1481 3007 1599 3086 modo
1625 3010 1792 3110 conjun-
1906 3044 1912 3078 ι

200 3139 366 3243 gendae:
394 3137 577 3242 Smyrn.
599 3133 903 3212 trifoliatum
927 3137 975 3211 N.
998 3167 1038 3219 ιι.
1063 3135 1146 3210 flor.
1173 3133 1282 3210 luteis
1305 3137 1356 3236 (S.
1378 3135 1624 3216 cordatum
1650 3138 1792 3240 walt),

203 3269 245 3368 β,
270 3267 352 3343 ilor.
376 3263 577 3368 purpureis
600 3264 653 3362 (S.
680 3276 789 3339 atro
800 3287 1102 3367 purpureum
1130 3265 1277 3368 Lam).

318 3517 597 3630 mernium
623 3513 914 3610 bardinode
951 3517 1097 3596 Mucbl.
1162 3525 1362 3625 Congener
1402 3519 1650 3626 et'proxime
1682 3523 1794 3605 affine

204 3655 290 3731 Sm.
317 3675 464 3726 aureo
484 3650 528 3723 L.
578 3649 749 3752 Utraque
776 3647 918 3752 species
944 3674 966 3727 a
991 3647 1239 3726 Nuttallio
1262 3653 1310 3728 ad
1335 3653 1600 3759 Thespium
1620 3659 1794 3754 refertur,
1845 3711 1847 3717 -

203 3777 309 3881 quod
335 3803 454 3880 genus
480 3775 552 3879 ipsi
573 3802 597 3851 a
621 3775 836 3879 Thapsia
871 3792 928 3852 est
959 3776 1295 3857 distinctissimum.
1358 3783 1540 3880 Fructus,
1581 3781 1688 3884 cujus
1723 3785 1795 3860 de-

204 3906 359 4008 scriptio
384 3931 406 3978 a
433 3901 488 3979 Cl.
510 3905 605 3984 Viro
630 3902 668 4001 (l.
686 3932 716 3980 c
744 3909 951 4002 196197.)
976 3903 1083 3998 data,
1109 3903 1336 3983 obscuritate
1360 3908 1487 4013 aliqua
1510 3907 1678 4008 laborat,
1710 3927 1797 3986 ante

206 4033 457 4124 maturitatem
484 4061 506 4110 a
531 4032 643 4110 nobis
668 4033 912 4145 examinatus,
937 4048 993 4110 est
1017 4031 1480 4138 subrotundo-ellipticus,
1506 4066 1530 4114 a
1549 4037 1664 4116 latere
1686 4067 1797 4114 com-

207 4187 381 4266 pressus,
408 4159 544 4266 calycis
569 4160 745 4239 dentibus
770 4161 914 4242 obtusis
938 4176 1159 4239 coronatus:
1186 4165 1328 4242 semine
1349 4169 1504 4272 quovis,
1542 4195 1706 4270 quorum
1736 4167 1798 4242 al-

206 4304 329 4366 terum
352 4288 573 4392 plerumque
591 4287 742 4388 abortit,
767 4289 807 4366 in
834 4289 994 4392 angulos
1015 4291 1181 4392 quinque
1205 4309 1404 4393 peracutus
1424 4293 1599 4399 aequales
1624 4293 1798 4390 abeunte,

213 4447 234 4494 e
260 4417 399 4521 quibus
421 4437 495 4496 tres
516 4418 673 4494 dorsum
698 4415 907 4522 occupant,
940 4418 1018 4496 duo
1048 4433 1172 4494 autem
1199 4421 1487 4501 commissuram
1513 4422 1688 4526 utrinque
1714 4447 1801 4499 am-

160 4631 165 4638 ,
215 4545 334 4622 biunt.
386 4547 486 4623 Hinc
510 4559 633 4649 patet,
669 4547 780 4624 etiarn
808 4546 936 4648 quoad
961 4545 1104 4622 fructus
1141 4548 1484 4628 conformationem
1509 4549 1609 4627 hanc
1634 4549 1801 4652 plantam

212 4676 354 4777 optime
374 4701 455 4752 esse
497 4701 519 4750 a
559 4671 967 4778 Mucblenbergio
1006 4675 1056 4752 ad
1095 4677 1308 4781 Smyrnii
1333 4703 1452 4778 genua
1479 4677 1644 4757 relatam.
1695 4679 1800 4760 Nudi

1276 4805 1329 4878 7.
