4786 5996
1251 529 1541 622 -2-84-

600 718 706 794 bium
732 719 814 798 aliis
840 725 1066 802 solvendum
1090 749 1323 834 proponeret
1348 736 1392 831 (l.
1410 763 1440 813 c.
1454 739 1522 812 111.
1539 739 1639 838 106.)
1648 765 1659 833 3
1693 739 1794 840 quod
1819 738 1972 841 quidem
2001 739 2197 818 uWab-

602 845 856 952 leubergio
890 855 1152 955 (Flor.Suee.
1178 865 1206 936 1.
1235 871 1447 961 111.1·96.)
1484 883 1520 941 et
1545 868 1839 969 Sprengelio
1884 867 1929 962 (l.
1958 897 1987 945 c.
2020 871 2120 966 149.)
2146 873 2196 947 ita

600 979 845 1077 praestitum,
866 997 928 1076 ut,
948 1000 1093 1060 semoto
1109 987 1240 1082 dubio,
1259 993 1377 1094 ipsam
1397 998 1615 1076 “malvam''
1634 1023 1712 1070 esse
1727 999 2033 1097 pronunciarent.
2060 997 2195 1094 Nubis,

602 1118 647 1177 ut
666 1133 795 1184 verum
813 1116 1010 1209 fateamur,
1038 1120 1298 1196 Hottoniae
1325 1126 1560 1226 palustris
1579 1124 1729 1229 capsula
1748 1141 1893 1200 matura
1911 1123 2059 1226 semper
2081 1128 2198 1226 quin-

603 1235 798 1336 quevalvis
825 1246 1022 1345 apparuit,
1045 1244 1130 1320 licet
1156 1250 1371 1350 saepissime
1399 1243 1617 1356 imperfecte
1642 1253 1699 1331 rel
1726 1256 1883 1327 omnino
1910 1280 1989 1325 non
2014 1281 2197 1355 separen-

603 1375 668 1436 tur
694 1364 864 1445 valvulae
891 1370 1059 1474 aliquot,
1082 1388 1124 1448 ut
1144 1373 1236 1452 alias
1263 1405 1415 1482 quoque
1439 1383 1478 1455 iu
1504 1380 1783 1485 Lysimachi
1788 1409 1914 1456 arum
1938 1383 2072 1488 ordine
2097 1386 2198 1459 acci-

603 1490 695 1566 dere
716 1496 821 1582 solet,
875 1503 1021 1576 Pariter
1047 1505 1085 1578 in
1113 1505 1345 1582 Hottonia
1372 1508 1548 1584 inflata
1575 1509 1658 1584 Ell.
1685 1509 1930 1604 Amet-iruna,
1958 1511 2054 1614 quae
2081 1543 2196 1618 scapo

604 1619 704 1694 intra
727 1624 867 1703 florum
890 1633 1093 1710 verticillos
1128 1635 1280 1730 inllato,
1324 1637 1467 1714 corolla
1500 1638 1663 1744 calyrern
1698 1639 1952 1740 adaequante,
1998 1641 2095 1744 stylo
2134 1645 2199 1716 in·

607 1747 734 1842 cluso,
781 1753 940 1860 aliisque
973 1764 1075 1836 notis
1107 1761 1161 1838 ab
1185 1767 1310 1843 Hott.
1342 1765 1581 1868 palustri,
1620 1793 1780 1868 quacum
1809 1768 1928 1867 ipsam
1955 1772 2194 1848 Purshius

607 1874 876 1980 conjunxerat,
928 1893 1016 1968 satis
1052 1877 1239 1994 superque
1273 1895 1418 1990 differt,
1465 1893 1638 1997 capsulae
1677 1895 1962 1996 quinqueralvis
2000 1902 2194 1976 manifesta

605 2004 744 2082 iudicia
764 2012 882 2090 nobis
907 2045 986 2096 sese
1009 2020 1340 2123 praebuerunt-
1361 2024 1517 2120 Quaerit
1541 2023 1594 2098 Cl.
1610 2022 1819 2100 Nuttall:
1847 2051 1939 2099 num
1960 2029 2193 2104 Ilottonia

606 2138 823 2232 germinans
857 2173 950 2240 rere
977 2145 1035 2224 nit¹
1061 2150 1349 2257 dicotyledonea
1387 2153 1508 2252 (Gen.
1540 2152 1930 2254 pl.An1er.I.120.).
1995 2153 2116 2231 Nobis
2155 2158 2194 2230 iu

605 2264 736 2340 Hott.
762 2270 973 2352 inflatae
999 2280 1162 2375 semina,
1189 2305 1287 2381 aqua
1313 2265 1506 2375 emollito,
1529 2279 1615 2356 licet
1639 2281 1756 2382 ipsius
1779 2284 2095 2380 germinationem
2118 2311 2195 2361 non

608 2393 766 2496 conligit
791 2429 1022 2504 provocare,
1058 2408 1215 2513 embryo
1242 2437 1329 2488 rere
1355 2407 1665 2513 dicotyledoneus
1690 2410 1819 2486 adesse
1846 2413 1947 2490 risus
1975 2428 2038 2488 est.

1352 2611 1479 2689 ‚ll.

1130 2614 1690 2847 LYSISMACHIA.

719 2912 819 2988 lluir.
845 2921 973 3018 generi
1007 2921 1254 2998 Linnacus
1276 2921 1408 2998 tribuit
1435 2924 1626 3027 capsulam
1658 2925 1956 3018 decemralrem,
1995 2953 2107 3028 quem
2134 2954 2196 3002 se-

607 3055 774 3137 quuntur
816 3047 1072 3127 lussiaeus
1111 3080 1156 3127 ac
1191 3054 1455 3149 Smitlrins3
1507 3054 1561 3130 Cl.
1595 3059 1677 3132 Viri
1718 3056 1847 3134 Koch
1887 3070 1924 3131 et
1960 3055 2195 3157 Sprengel

606 3167 726 3270 ipsam
755 3175 961 3279 quinque·
979 3180 1027 3254 ad
1055 3182 1330 3262 decemralrem
1356 3196 1513 3276 vocant,
1552 3184 1850 3260 Gaertnerus
1874 3181 2197 3286 quinquevalrem.

475 3386 480 3398 Ι
607 3295 687 3374 Nos
715 3302 754 3375 in
778 3306 959 3407 Lysim.
986 3308 1177 3410 vulgari
1212 3295 1658 3411 acL.qu'ad1-isolia
1691 3315 1811 3415 ipsam
1840 3325 2054 3387 constanter
2081 3313 2196 3412 quin-

607 3429 827 3526 quevalrem
856 3433 1161 3535 observavimus,
1188 3440 1338 3544 qualem
1364 3442 1403 3515 in
1428 3420 1530 3546 Lys.
1558 3441 1677 3516 Lino
1703 3439 1896 3516 stellato
1926 3465 2079 3542 quoque
2102 3441 2196 3516 sistit

609 3555 921 3641 G-aertnerus.
950 3567 1154 3644 'Similiter
1178 3572 1217 3646 in
1241 3563 1345 3675 Ly's.
1368 3567 1540 3644 ciliata
1562 3595 1607 3645 ac
1631 3571 1676 3644 L.
1697 3595 1941 3647 nemorum
1968 3569 2041 3648 sub
2068 3587 2196 3647 matu-
2292 3583 2294 3594 ’

604 3683 713 3760 ritate
743 3688 781 3764 in
809 3694 978 3798 quinque
1011 3697 1199 3796 valvulas,
1239 3702 1411 3804 quamvis
1446 3726 1490 3776 ac
1522 3700 1670 3804 saepius
1703 3699 1939 3801 imperfecte,
1977 3699 2195 3778 resolvitur:

605 3837 685 3888 uon
713 3845 799 3896 raro
825 3850 979 3929 quoque
1004 3826 1174 3905 valvulae
1200 3829 1385 3932 quaedam
1418 3857 1555 3923 nexum
1588 3841 1739 3906 serrant
1765 3843 1801 3948 et
1829 3829 1980 3930 capsula
2007 3846 2097 3907 tunc
2125 3833 2194 3906 tri·

605 3949 950 4046 seuquadriralris
976 3973 1142 4060 apparet
1194 3957 1495 4051 InL.dubia,
1538 3961 1581 4035 L.
1608 3954 1901 4058 Ephemero,
1938 3971 1975 4032 et
1997 3961 2040 4033 L.
2066 3973 2195 4034 atro-

604 4098 850 4176 purpurca
879 4087 1075 4160 manileste
1101 4074 1250 4164 suturas
1277 4091 1446 4190 quinque
1472 4087 1597 4183 habet,
1625 4090 1664 4164 in
1687 4086 1878 4190 prioribus
1903 4085 2051 4162 duabus
2069 4101 2194 4162 tamen

511 4184 514 4193 ¹
603 4201 727 4304 ipsam
762 4213 980 4312 saepissime
1017 4218 1170 4294 nonnisi
1193 4217 1265 4294 bi·
1285 4245 1350 4294 seu
1375 4219 1569 4297 trivalvern
1594 4215 1931 4319 deprehendimus,
1971 4212 2023 4290 ob
2049 4229 2195 4290 suturas

603 4331 698 4408 duas
726 4336 784 4414 vel
813 4353 887 4417 tres
912 4369 994 4418 non
1020 4345 1089 4418 rite
1112 4363 1312 4451 separatas.
1363 4351 1537 4449 Denique
1562 4347 1601 4420 in
1626 4347 1671 4420 L.
1697 4344 2027 4423 Nummnlaria
2054 4367 2196 4445 capsu-

604 4456 677 4536 lam
702 4466 855 4566 quidem
883 4471 1161 4552 decemvalvem
1190 4477 1311 4578 pingit
1338 4473 1648 4552 Scblruhrins
1668 4477 1824 4575 (Batou.
1841 4475 1995 4552 Hondb.
2012 4476 2040 4547 1.
2064 4477 2195 4569 t.36.),

604 4591 670 4664 sed
695 4592 750 4670 Cl.
769 4599 933 4705 llayne
959 4604 1079 4705 ipsam
1105 4605 1200 4680 vidit
1227 4619 1443 4678 constanter
1469 4601 1587 4678 valvis
1612 4606 1779 4707 quinque
1805 4600 2055 4681 dehiscentem'
2082 4607 2193 4704 (getr.

604 4719 790 4800 Darstell.
816 4734 850 4802 d.
874 4735 1237 4834 Araneygefflltl.
1262 4738 1401 4831 t.16.):
1430 4731 1530 4808 unde
1557 4731 1714 4808 dubium
1742 4747 1878 4828 movet,
1904 4761 1996 4814 nuru
2024 4757 2194 4833 unquam
