4786 5996
1256 484 1545 568 ...12-

600 710 738 789 genera
784 677 981 758 dissimilia
1025 675 1238 778 conjungit,
1283 704 1405 781 neque
1438 674 1675 771 artificialis,
1720 674 1811 751 dum
1852 677 1953 752 notis
1997 671 2195 750 fallacibus

601 815 795 906 innititur,
833 823 955 886 certae
987 803 1321 882 Umbelliserarurn
1356 806 1563 908 cognitioni
1591 806 1915 899 satisfactum's‘sit,
1951 807 2192 905 Crauzius

599 943 644 1036 (l.
667 971 697 1020 c.
721 943 763 1015 in
791 941 882 1015 dise.
910 940 956 1012 de
983 933 1176 1012 Umbellif.
1201 937 1283 1034 28.)
1307 939 1399 1013 tuse
1433 936 1726 1027 demonstravit3
1765 961 1835 1008 nec
1860 935 1964 1035 prius
1989 935 2125 1007 iterum
2148 933 2195 1007 de

600 1069 714 1146 simili
760 1063 1027 1144 distributione
1072 1065 1276 1164 cogitatum
1318 1079 1392 1160 est,
1435 1094 1550 1168 quam
1584 1092 1607 1138 a
1650 1061 1940 1164 Sprengelio
1967 1067 2122 1135 tactum
2156 1063 2196 1135 in

601 1202 762 1301 System.
796 1195 1073 1298 vegetabilium
1115 1195 1201 1270 edit.
1245 1191 1768 1285 Roemero-Schultesiana,
1811 1191 1878 1264 ubi
1910 1195 1978 1285 (Τ.
2006 1193 2069 1266 VI.
2095 1189 2197 1268 Clav.

601 1352 684 1426 gen.
721 1328 890 1422 XXIX.)
924 1326 964 1399 in
998 1351 1138 1402 novem
1172 1321 1293 1398 tribus
1326 1323 1525 1399 distributa
1556 1337 1645 1397 sunt
1674 1318 2007 1396 Umbelliferarum
2047 1325 2197 1420 genera,

602 1482 698 1557 quae
732 1457 977 1550 nominibus,
1015 1482 1037 1528 a
1071 1481 1206 1556 genere
1237 1454 1458 1556 principali,
1494 1449 1773 1528 characteribus
1798 1457 1921 1524 autem
1951 1476 1972 1523 a
1998 1427 2196 1545 seminum,

601 1583 909 1678 involucrorum,
948 1586 1067 1658 immo
1097 1580 1277 1656 soliorum
1305 1583 1428 1658 sorma
1461 1583 1661 1677 desumtis,
1699 1582 1922 1656 afficiuntur.
1975 1582 2047 1654 Vix
2073 1594 2196 1656 tamen

601 1732 731 1810 erunt,
754 1731 951 1817 putamus,
979 1713 1043 1814 qui
1069 1709 1294 1786 Oenanthen
1321 1710 1392 1784 sub
1415 1708 1690 1812 Pimpinelleis,
1717 1709 1941 1811 Tordylium
1967 1711 2038 1786 sub
2060 1715 2196 1815 Smyr-

601 1842 693 1936 niis,
736 1844 901 1940 Butrium
942 1840 1013 1918 sub
1053 1838 1284 1933 Caucalinis,
1324 1840 1546 1914 Heracleum
1584 1837 1655 1912 sub
1695 1838 1851 1913 Selineis
1887 1855 2087 1941 quaerant:
2130 1867 2198 1914 nec

601 1971 721 2071 magis
743 1970 843 2044 firmi
869 1985 957 2044 sunt
978 1967 1220 2044 characteres.
1275 1969 1446 2042 Tandem
1472 1995 1623 2069 quoque
1648 1967 1705 2041 Ill.
1732 1965 1948 2044 Kocbius
1975 1970 2197 2046 divisionem

601 2097 802 2199 proposuit
825 2111 902 2172 tam
927 2099 1170 2194 artificialem,
1196 2125 1309 2200 quam
1332 2095 1554 2187 naturalem,
1581 2097 1811 2195 eandemque
1835 2123 1940 2169 suam
1964 2099 2051 2171 fecit
2072 2100 2199 2198 paucis

602 2254 687 2300 cum
709 2227 981 2302 mutationibus
1007 2227 1301 2304 Candollius
1333 2229 1464 2322 (Mem.
1487 2221 1676 2299 Ombellif.
1707 2243 1765 2312 17.
1793 2241 1829 2301 et
1864 2228 1997 2300 Prodr.
2019 2230 2083 2302 lv.
2112 2231 2196 2327 57.).

602 2356 808 2430 Primariae
839 2357 938 2433 enim
972 2357 1167 2432 divisionis
1191 2357 1479 2432 fundamentum
1516 2379 1600 2426 eum
1633 2351 1890 2429 subministret
1915 2355 2037 2430 nuclei
2061 2358 2195 2452 sorma,

603 2484 650 2558 de
676 2500 822 2560 caetero
841 2485 1108 2563 Umbelliferae
1135 2484 1410 2560 distribuuntur
1432 2484 1471 2556 in
1492 2485 1573 2556 XV.
1595 2479 1717 2557 tribus
1738 2510 1764 2558 s.
1790 2483 1961 2578 familias,
1988 2513 2083 2586 quae
2106 2487 2194 2588 qui-

603 2614 689 2688 dem
714 2643 794 2690 non
816 2629 963 2691 tantum
990 2613 1222 2707 charactere,
1257 2615 1322 2716 qui
1349 2615 1427 2688 fere
1453 2639 1475 2687 a
1501 2613 1626 2686 fructu
1650 2625 1725 2706 est,
1760 2613 1825 2688 sed
1853 2613 1985 2707 etiam,
2013 2629 2195 2715 quatenus

604 2757 851 2846 unaquaeque
884 2746 1041 2820 nomine
1075 2743 1220 2844 generis
1253 2740 1472 2843 principalis
1499 2738 1571 2815 sub
1606 2741 1688 2841 ipsa
1722 2738 1984 2843 comprehensi
2019 2742 2195 2845 insignita

604 2885 676 2963 est,
706 2868 838 2946 habitu
865 2873 1042 2950 universo
1070 2873 1271 2950 convenire
1295 2872 1479 2945 dicuntur.
1532 2872 1616 2944 Hoc
1642 2882 1766 2942 tamen
1793 2869 1998 2944 concedere
2022 2870 2076 2946 Cl.
2095 2874 2192 2950 Viris

603 3025 676 3073 nos
702 3013 802 3074 vetat
832 3001 916 3103 ipsa
939 3013 1084 3074 natura.
1137 3001 1239 3094 Quid
1266 3001 1388 3092 enirn,
1420 3025 1580 3099 quaeso,
1614 2999 1808 3073 Pastinaca
1834 3015 1944 3101 atque
1972 3003 2193 3088 Heracleum

604 3155 689 3202 eum
726 3129 970 3224 Peucedano,
1010 3129 1102 3232 quid
1136 3127 1332 3205 Oenauthe
1366 3154 1410 3200 ac
1441 3125 1688 3201 Foeniculum
1725 3154 1810 3201 cum
1838 3127 1952 3204 Seseli
1983 3144 2058 3203 tam
2086 3159 2194 3206 com-

604 3283 718 3332 mune
756 3253 917 3350 habent,
958 3286 1035 3358 quo
1072 3257 1143 3333 sub
1180 3259 1312 3332 eodem
1345 3257 1500 3332 nomine
1534 3255 1719 3335 militent?
1778 3258 1945 3330 Praestat
1978 3260 2122 3360 itaque,
2162 3266 2191 3337 si

606 3387 696 3487 qnid
724 3386 912 3480 videmus,
950 3388 991 3474 in
1023 3387 1269 3488 dispositione
1297 3382 1480 3461 artificiali
1507 3386 1759 3486 acquiescere,
1788 3413 1883 3486 quae
1907 3413 1991 3462 eum
2022 3415 2043 3462 a
2070 3392 2193 3464 lruetu

605 3517 746 3615 optime
768 3514 997 3610 desumatur,
1016 3515 1251 3592 smithius
1272 3515 1310 3590 in
1332 3531 1508 3616 postumo
1528 3541 1642 3616 opere
1660 3515 1883 3588 diametrum
1907 3516 2049 3590 fruetus
2071 3532 2193 3594 trans-

605 3641 806 3735 versalem,
833 3669 918 3718 eum
939 3642 1133 3721 latitudine
1161 3645 1428 3720 commissurae
1455 3659 1730 3747 comparatam,
1758 3672 1830 3744 pro
1858 3645 2103 3722 lirndamento
2130 3649 2191 3723 di-

606 3771 760 3846 visionis
786 3771 977 3848 adsumsit.
1031 3775 1105 3869 Qui
1131 3775 1283 3877 quidem
1308 3771 1498 3848 character
1525 3774 1608 3848 licet
1634 3801 1655 3847 a
1682 3772 1868 3848 Kochio
1895 3775 2065 3874 (Dispos.
2093 3779 2191 3851 Um-

605 3900 719 3977 bellif.
746 3909 823 3999 58.)
850 3918 885 3977 et
904 3901 1166 3986 Candollio
1189 3908 1326 4006 (Mem.
1354 3904 1553 3981 Ombettit
1571 3923 1605 3988 2.
1625 3907 1703 3996 14.)
1725 3907 1822 3976 inter
1840 3904 2040 4003 primarios
2061 3929 2193 3978 tecen-

605 4045 748 4117 seatur,
775 4047 932 4132 uterque
957 4047 1083 4108 tamen
1106 4030 1159 4106 Cl.
1186 4035 1254 4107 Vir
1277 4035 1398 4135 ipsum
1422 4035 1461 4109 in
1488 4035 1733 4134 disponendis
1761 4036 1799 4109 in
1821 4032 1942 4108 trihus
1968 4029 2192 4106 Umbellife-

606 4160 658 4236 ris
685 4187 841 4262 prorsus
874 4159 1116 4259 neglexerunt
1146 4175 1182 4234 et
1199 4163 1412 4238 secundum
1440 4161 1613 4236 nucleum
1639 4161 1712 4236 sub
1744 4165 1989 4238 commissura
2022 4163 2079 4240 vel
2104 4163 2189 4266 pla·

606 4316 700 4368 num
727 4287 783 4364 vel
812 4314 946 4362 cavum
972 4287 1027 4362 vel
1052 4291 1249 4366 incurvum
1279 4293 1526 4367 distinxerunt
1549 4291 1646 4363 inter
1673 4289 1939 4367 Umbelliseras
1964 4285 2021 4368 vel
2045 4294 2189 4374 Ortho-

607 4443 796 4517 spermas,
839 4413 898 4488 vel
930 4417 1280 4521 Campylospermas
1318 4421 1376 4496 vel
1415 4419 1709 4521 Caelospermas.
1770 4425 1876 4515 Quae
1914 4421 2072 4515 divisio,
2109 4419 2195 4498 licet.

607 4543 660 4618 illi
693 4541 973 4645 posthabenda,
1012 4561 1157 4642 tamen,
1189 4576 1274 4623 curu
1302 4578 1433 4628 omnes
1457 4551 1723 4628 Umbellifcras
1750 4545 2063 4650 comprehendat,
2098 4549 2189 4623 reti-

394 4691 398 4700 ·
478 4688 482 4694 '
609 4672 733 4747 nenda
757 4675 845 4769 erit,
871 4673 989 4752 modo
1011 4675 1183 4753 excludas
1205 4682 1407 4757 sectionem
1435 4684 1603 4760 ultimam
1623 4680 1992 4778 Caelospermarum,
2019 4705 2113 4780 quae
2141 4677 2189 4754 ob
