4786 5996
857 571 1146 654 ..13-

207 789 364 866 genera,
399 787 495 865 quae
519 763 602 864 ipsa
627 761 886 857 continentur,
918 761 1165 864 paucissima,
1199 785 1318 862 eaque
1344 763 1578 864 paucissimis
1604 761 1798 864 speciebus

206 891 437 993 composita,
478 889 683 964 sectionem
713 888 875 989 primam
910 891 1049 965 intrare
1081 890 1282 964 commode
1319 904 1490 992 possunt.
1559 893 1640 965 Hac
1674 895 1801 994 itaque

204 1021 386 1098 methodo
419 1021 597 1112 ducente,
636 1014 968 1092 Umbelliserarum
1004 1043 1141 1118 genera
1176 1019 1361 1117 quaedam
1397 1020 1614 1122 speciesque
1645 1019 1800 1094 seorsim

207 1149 501 1225 consideremus.

933 1426 971 1529 g.
1026 1427 1067 1502 s.

322 1577 1048 1672 ssmormom,uovvms1s,
1087 1581 1459 1676 ssrsmscrum
1495 1579 1686 1671 roms,

566 1709 849 1814 smmum,
884 1707 1108 1803 nouum,
1143 1710 1436 1785 seruorum.

318 1889 660 1971 Astrotricbae
695 1907 825 1994 'genus
865 1893 998 2002 merito
1035 1917 1058 1966 a
1095 1889 1233 1968 Bolsce
1270 1893 1456 1995 separavit
1500 1891 1799 1970 Candollius.
1896 1905 1901 1910 '

202 2027 363 2100 Fructus
390 2021 491 2098 enim
517 2047 540 2096 a
565 2019 698 2116 latere,
739 2047 810 2096 nec
834 2047 857 2096 a
882 2022 998 2096 dorso
1022 2045 1282 2122 compressos,
1314 2047 1394 2094 uon
1420 2036 1546 2097 tamen
1579 2021 1799 2125 “subdidy-

205 2159 319 2226 mus'’
355 2145 454 2222 bene
490 2145 718 2250 adpellatus,
754 2141 853 2224 banc
889 2147 942 2223 ob
979 2149 1321 2226 conformationem
1359 2163 1435 2224 tam
1472 2177 1493 2224 e
1536 2151 1729 2228 Bolacis
1763 2169 1799 2228 et

203 2277 481 2372 Azoreltae,
529 2303 644 2380 quam
685 2275 735 2352 ab
784 2277 1038 2353 Hermadis
1073 2279 1197 2352 fructu
1244 2305 1324 2354 non
1359 2305 1494 2380 parum
1532 2281 1693 2374 recedit3
1742 2295 1799 2356 est

203 2434 321 2507 porro
359 2405 527 2504 undique
562 2433 745 2506 rugoso·
762 2419 999 2506 exasperatus
1034 2402 1086 2477 ob
1127 2402 1225 2504 pilos
1260 2403 1425 2482 stellatos
1464 2407 1536 2484 sub
1576 2411 1797 2484 maturitatis

202 2559 384 2634 processu
414 2532 610 2628 cadentes,
639 2533 816 2634 utrinque
840 2532 954 2608 costis
980 2531 1102 2610 tribus
1122 2531 1396 2642 principalibus
1422 2536 1631 2637 insignitus.

118 2817 126 2828 ,
316 2739 585 2819 B0wlesise
617 2741 758 2816 fructus
791 2765 914 2818 verum
949 2741 1290 2819 conformationem
1324 2771 1447 2848 neque
1479 2773 1522 2820 cx
1556 2745 1663 2820 icone
1694 2741 1797 2820 haud

203 2869 404 2944 commoda
432 2871 486 2945 Cl.
510 2875 536 2947 S
546 2869 786 2974 prengelii
821 2872 946 2972 (Sper.
974 2867 1089 2944 Umb.
1118 2885 1142 2945 t.
1171 2875 1221 2970 5.)
1246 2898 1370 2974 neque
1396 2899 1416 2946 e
1440 2872 1570 2974 figuris
1592 2871 1796 2956 Prodromi

201 2997 255 3072 Fl.
289 2999 517 3074 Perusianae
554 3007 604 3098 (t.
628 3003 709 3099 34.)
744 2998 829 3074 licet
870 2997 1093 3101 perspicere.
1167 2999 1235 3074 Est
1266 2998 1327 3073 ille
1364 3015 1488 3075 autem
1522 3002 1647 3077 verius
1682 3027 1795 3102 quam

198 3124 542 3201 Astrotricbae
569 3127 745 3232 didymus
771 3127 985 3220 vocandus,
1024 3123 1230 3201 seminibus
1252 3153 1274 3200 a
1295 3125 1408 3202 latere
1435 3125 1794 3231 compressiusculis,

199 3253 512 3358 pubescentibus,
552 3254 611 3332 vel
637 3257 831 3352 ecostatis,
866 3255 924 3332 rel
952 3269 1074 3332 costas
1102 3269 1175 3332 tres
1202 3257 1450 3360 principales,
1487 3273 1529 3334 ut
1560 3258 1599 3331 io
1626 3257 1791 3332 Astro-

201 3381 376 3478 trieha‚
410 3381 673 3459 exserentibus.

310 3591 633 3666 Asteriscium
659 3589 812 3667 Cham.
841 3593 1025 3693 (Linnaea
1048 3595 1076 3666 1.
1104 3597 1206 3694 354.)
1238 3619 1315 3668 non
1336 3591 1435 3668 idem
1462 3617 1579 3693 gertus
1605 3589 1789 3693 estquod

199 3723 361 3794 Pozoa
385 3721 511 3820 Lag„
534 3735 576 3794 ut
603 3723 723 3798 visum
746 3721 818 3794 {uit
844 3717 899 3796 Cl.
920 3723 1209 3823 Sprengelio
1233 3725 1347 3826 (Syst.
1372 3747 1451 3822 seg.
1471 3725 1537 3798 IV.
1565 3723 1606 3794 P.
1621 3723 1668 3794 11.
1695 3720 1787 3818 17.):

197 3849 256 3923 isti
278 3848 377 3922 enim
403 3861 490 3923 suut
516 3849 637 3950 petala
660 3852 820 3951 integra,
858 3846 1094 3925 involucrum
1122 3847 1412 3953 monophyllum
1441 3863 1475 3922 et
1495 3845 1644 3928 habitus
1669 3877 1789 3951 pecu-

198 3979 311 4052 liaris.
364 3980 519 4054 Aster.
546 3960 781 4054 cbilensis
808 3977 1051 4079 descriptioni
1069 3978 1134 4056 lc.
1159 3977 1343 4056 exhibitae
1370 4003 1490 4080 pauca
1512 3976 1649 4051 addere
1673 3973 1787 4052 lubet.

195 4103 302 4182 Folia
329 4106 452 4208 prima
478 4107 622 4208 integra
647 4122 752 4200 sunt,
788 4131 883 4208 quae
904 4121 1033 4207 postea
1060 4077 1249 4209 prodeunt
1273 4103 1411 4182 triloba
1436 4105 1605 4197 dentata,
1636 4103 1784 4179 caulinn

194 4233 347 4310 minima
369 4233 493 4308 trifida
518 4237 767 4338 integerrima.
820 4233 952 4310 Petioli
979 4237 1071 4334 (non
1097 4233 1312 4336 pedunculi,
1338 4249 1379 4310 ut
1402 4233 1424 4308 l.
1442 4261 1471 4308 c.
1498 4232 1646 4334 legitur)
1672 4259 1785 4333 supra

164 4359 447 4457 'canaliculatb
476 4360 607 4438 subtus
631 4365 797 4441 convexi.
851 4362 977 4438 Petale
1003 4361 1147 4456 albida,
1176 4362 1232 4438 vel
1260 4361 1423 4456 rubedo,
1454 4359 1645 4463 aequalia,
1671 4385 1784 4474 supra

196 4497 379 4589 casinate,
421 4492 493 4570 sub
526 4494 630 4594 apice
663 4493 758 4569 callo
789 4497 897 4568 fusco
931 4493 1060 4568 notata
1092 4505 1129 4566 et
1163 4491 1249 4567 inde
1285 4489 1430 4566 inflexa.
1483 4490 1678 4566 Foliorum
1704 4487 1781 4562 lobi

194 4639 305 4728 atque
333 4623 463 4698 dentes
487 4647 589 4698 nunc
613 4623 745 4722 magis,
770 4647 872 4698 nune
895 4621 1020 4697 minus
1042 4619 1142 4696 acuti
1168 4635 1272 4696 sunt:
1297 4619 1386 4696 binc
1409 4623 1505 4695 Ast.
1526 4617 1779 4719 Poeppigii

194 4751 335 4828 Cand.
362 4750 509 4852 (Prodr.
537 4750 600 4822 IV.
628 4755 706 4847 82.)
729 4777 807 4827 non
833 4751 980 4830 videtur
1004 4775 1116 4854 posse
1139 4750 1313 4852 separari.
