4786 5996
861 561 1147 639 ...9-

207 757 422 836 observatio
464 769 519 832 est
554 764 684 826 notatu
725 750 839 850 digna
874 748 929 825 Cl.
955 749 1135 826 Virorum
1180 751 1221 824 F.
1250 749 1496 842 Fischeri,
1547 747 1730 824 Kochii
1767 764 1804 825 et
1880 781 1887 796 ·

208 883 458 964 Candollii
485 879 531 982 (l.
550 908 581 954 c.
606 893 641 964 8.
665 881 734 977 9.),
770 879 982 978 germinum
1007 879 1059 977 (et
1084 877 1136 952 ita
1163 903 1315 978 quoque
1334 876 1519 980 stylorum
1538 903 1583 954 ac
1602 880 1804 976 seminum)

209 1013 321 1090 situm
355 1039 434 1088 esse
467 1011 600 1105 talem,
634 1023 677 1084 ut
707 1003 864 1080 alterum
889 1005 1064 1106 respiciat
1088 1003 1273 1079 umbellas
1300 1019 1491 1091 centrum,
1527 1006 1686 1084 alterum
1714 1038 1803 1086 vero

207 1142 548 1220 circumferentiam
575 1135 713 1238 ipsius;
749 1157 915 1234 quorum
948 1131 1040 1209 illud
1067 1133 1203 1236 calycis
1230 1131 1370 1228 tribus,
1404 1131 1478 1208 boc
1501 1150 1626 1212 autem
1652 1137 1806 1214 duobus

207 1272 289 1372 ejus
318 1268 493 1346 dentibus
521 1266 569 1340 sit
601 1277 835 1338 coronatum.
895 1262 996 1338 Hinc
1021 1262 1177 1338 ulterius
1202 1262 1234 1338 si
1260 1261 1569 1363 progrediamur,
1599 1265 1640 1340 id
1669 1281 1803 1342 notato

209 1401 364 1502 dignum
392 1397 577 1489 occurrit,
612 1395 651 1470 in
683 1391 809 1470 multis
836 1389 1091 1468 Umbelliferis
1121 1417 1250 1466 semen
1283 1391 1439 1468 alterum
1473 1407 1509 1469 et
1540 1392 1616 1470 boc
1649 1393 1803 1496 quidem

206 1529 399 1604 internum
433 1525 455 1598 i.
481 1553 511 1600 e.
536 1537 665 1600 centro
699 1518 884 1596 umbellas
911 1518 1133 1614 obversum,
1168 1521 1466 1622 frequentissime
1496 1519 1672 1600 abortire.
1724 1527 1801 1600 La-

213 1655 364 1756 goeciae
391 1652 561 1754 singulus
586 1653 659 1728 flos
685 1649 775 1725 bina
803 1648 918 1725 babet
944 1649 1093 1742 oraria,
1123 1653 1266 1726 fructus
1293 1667 1418 1728 tamen
1448 1667 1616 1728 maturus
1643 1679 1723 1727 non
1750 1667 1805 1728 est

213 1787 287 1862 nisi
313 1809 626 1884 monospermus,
661 1779 803 1856 semine
830 1776 968 1870 altero,
1002 1803 1123 1878 eoque
1146 1778 1319 1875 interno,
1355 1794 1569 1856 constanter
1592 1777 1801 1856 abortiente

214 1913 383 2012 (Gaertn.
417 1911 464 1986 de
497 1911 606 1984 fruct.
635 1911 665 1984 1.
697 1915 812 2004 103.)r
872 1906 978 1982 Idem
1014 1904 1138 1982 locum
1167 1903 1281 1983 babet
1303 1909 1341 1984 in
1367 1913 1537 2011 Arctopo
1561 1907 1736 1984 echinato
1758 1909 1802 1982 L.

215 2043 385 2140 (Gaertn.
408 2035 459 2114 fil.
484 2035 506 2110 l.
533 2061 563 2110 c.
581 2038 658 2112 ul.
690 2034 780 2134 15.),
806 2059 876 2110 nec
901 2061 1002 2126 non,
1041 2035 1263 2140 plerumque
1286 2039 1437 2135 saltem,
1461 2043 1500 2116 in
1523 2035 1804 2140 Echinopbora.

213 2173 260 2244 In
292 2169 334 2244 E.
371 2171 525 2268 spinosa
556 2163 654 2238 enim
686 2176 831 2268 nottvnt¹
852 2177 1029 2265 autoptae
1062 2167 1368 2261 Wulfenius,
1399 2165 1636 2270 Smitbniu's
1662 2166 1803 2268 etipse

217 2292 508 2372 Candollius
541 2291 1016 2390 (F1.Franq.IV.352.),
1057 2297 1221 2372 fructum
1246 2325 1325 2374 non
1360 2295 1535 2374 exhibere
1572 2297 1644 2370 nisi
1675 2317 1804 2370 semen

215 2449 357 2514 unum,
394 2419 445 2496 ob
478 2419 653 2496 abortum
686 2419 859 2514 alterius,
900 2420 1005 2520 cujus
1038 2425 1164 2526 itaque
1198 2426 1237 2500 in
1271 2429 1398 2500 fructu
1426 2438 1576 2500 maturo
1601 2449 1682 2499 non
1709 2421 1806 2497 adsit

216 2553 289 2628 uisi
313 2549 569 2623 rudimentum
593 2565 629 2624 et
654 2550 754 2624 idem
783 2547 1068 2628 observavimus
1096 2554 1135 2626 in
1159 2549 1367 2628 seminibus
1390 2550 1487 2627 benc
1512 2551 1683 2628 formatis
1712 2545 1805 2624 Eeb.

220 2676 435 2756 tenuifoliae
453 2690 491 2750 et
504 2677 548 2750 E.
562 2675 849 2780 trichopbyllae,
873 2703 970 2778 quae
981 2677 1275 2756 CLFiscbero
1290 2663 1481 2756 debemus
1516 2680 1697 2782 situque
1714 2679 1807 2782 pul-

219 2809 406 2886 cherrima
425 2809 567 2884 fructus
584 2807 629 2882 E.
645 2807 821 2909 spinosae
840 2807 1015 2912 analysis‚
1037 2835 1135 2910 quae
1152 2835 1176 2884 a
1192 2806 1449 2886 Candollio
1469 2807 1582 2886 nobis
1600 2825 1656 2884 est
1676 2811 1806 2911 (Mem.

220 2939 411 3016 Ombellif.
425 2945 487 3024 64.
510 2951 536 3012 t.
548 2937 685 3028 ΧΠ),
720 2931 822 3013 bunc
847 2939 1081 3041 dispermum
1107 2939 1222 3033 sistit,
1257 2939 1376 3016 adfuit
1402 2934 1463 3013 bic
1486 2953 1585 3014 certe
1611 2935 1658 3012 de
1679 2933 1809 3039 regula

220 3069 408 3170 exceptio,
444 3069 574 3142 forsan
606 3066 695 3167 quia
723 3051 851 3168 planta
878 3068 976 3144 culta
998 3069 1135 3144 'fuerat
1188 3069 1332 3144 Pariter
1356 3069 1395 3142 in
1420 3066 1596 3144 Sanicula
1621 3091 1808 3168 europaea

218 3197 433 3272 Frewius
464 3193 642 3295 (Blackw.
666 3192 782 3272 Herb.
810 3201 911 3284 t63.
938 3199 1074 3298 f.15.),
1109 3197 1149 3272 in
1178 3200 1217 3274 S.
1244 3196 1489 3274 maritandica
1512 3197 1809 3272 Gaertnerus

218 3321 259 3420 (Ι.
273 3349 304 3398 c.
318 3324 345 3397 1.
359 3329 435 3420 79.)
460 3327 695 3424 frequentem
719 3323 870 3400 alterins
889 3326 1042 3402 seminis
1060 3326 1098 3400 in
1113 3325 1250 3427 quovis
1266 3331 1389 3402 fructu
1407 3323 1585 3402 abortum
1600 3323 1811 3400 adnotare-

219 3467 320 3526 runt.
372 3451 545 3552 Denique
564 3455 674 3529 etiam
695 3453 736 3528 in
755 3451 963 3529 seminibus
982 3451 1078 3544 latis,
1105 3453 1224 3554 iisque
1243 3479 1265 3528 a
1285 3455 1401 3530 dorso
1421 3454 1659 3556 compressis,
1685 3449 1813 3553 qualia

221 3596 311 3658 sunt
329 3583 610 3683 Imperatoriae,
637 3582 851 3658 Peucedani
866 3597 902 3658 et
914 3579 1084 3674 Ferulae,
1111 3583 1345 3683 frequentem
1361 3581 1645 3660 observavimus
1662 3579 1812 3655 seminis

224 3711 414 3788 interioris
441 3707 637 3808 abortum,
674 3738 717 3788 ea
749 3727 986 3788 tamencum
1018 3706 1227 3786 differentia
1254 3737 1276 3784 a
1302 3710 1505 3814 generibus
1536 3691 1813 3813 supra'nomi-

224 3843 340 3934 natis,
368 3853 412 3914 ut
430 3839 626 3917 involucra
654 3841 877 3945 plerumque
898 3839 1034 3940 justam
1057 3839 1352 3940 magnitudinem
1380 3840 1699 3942 adipiscerentur,
1728 3835 1814 3912 licet

225 3945 360 4046 nucleo
394 3986 516 4047 essent
555 3945 667 4072 plane
702 3969 887 4047 destituta.
948 3967 1080 4044 Videri
1118 3983 1242 4071 potest
1276 3969 1416 4046 talibus
1451 3966 1650 4070 exemplis,
1687 3991 1816 4042 semen

225 4097 384 4176 alterurn
405 4101 447 4174 in
471 4098 728 4176 Umbelliferis
752 4117 789 4178 et
813 4099 906 4176 illud
932 4099 1100 4202 quidem,
1126 4099 1229 4200 quod
1253 4101 1474 4176 exteriorem
1498 4099 1625 4174 locum
1649 4107 1819 4196 occupat,
1852 4103 1858 4118 ‘

226 4225 474 4330 praeferentia
494 4225 728 4329 aliquatenus
744 4229 920 4332 gaudere,
946 4230 1007 4304 cui
1031 4225 1273 4329 explicandae
1293 4227 1423 4304 saltem
1445 4224 1637 4328 analogon
1660 4248 1818 4300 succur-

150 4335 160 4372 ³
228 4357 278 4434 rit
310 4355 622 4458 phaenomenon,
657 4355 797 4432 scilicet
827 4356 932 4460 quod
962 4358 1337 4460 incompositarum
1361 4358 1516 4451 ordine,
1548 4353 1617 4430 ubi
1635 4351 1815 4430 flosculo·

229 4511 314 4558 mm
342 4485 521 4585 expansio
544 4485 679 4560 eodem
706 4483 836 4579 modo,
863 4511 941 4586 quo
965 4487 1004 4559 in
1023 4482 1291 4579 Umbelliferis,
1313 4511 1449 4587 nempe
1477 4511 1499 4560 a
1519 4480 1819 4558 circumferentia

230 4613 282 4688 ad
314 4629 482 4716 centrum
511 4612 702 4714 procedit,
740 4617 883 4692 semina
913 4629 1118 4694 extremum
1142 4614 1367 4718 receptaculi
1387 4614 1569 4690 circulum
1595 4609 1820 4714 occupantia

114 4749 118 4758 '
233 4745 372 4844 magis,
406 4767 522 4846 quam
550 4740 748 4838 centralis,
780 4760 817 4821 et
841 4769 885 4820 ea
910 4745 1125 4847 saepissime
1150 4743 1251 4842 sola,
1282 4745 1536 4850 perficiuntur.
