4786 5996
1211 489 1501 576 ..13-

566 697 652 760 tae‘
673 709 813 785 genus,
850 683 951 760 infra
976 680 1236 758 demonstrare
1269 680 1504 758 conabimur.
1555 683 1751 758 Praeterea
1776 698 1904 758 autern
1927 692 1982 756 est
2003 677 2154 781 plantae

567 825 719 889 nostrae
750 839 880 890 semen
912 813 1071 886 omnino
1094 813 1306 903 Sisonis,
1340 840 1418 912 quo
1443 811 1568 912 itaque
1600 811 1681 912 ipsa
1712 811 1783 886 erit
1816 809 2050 906 revocanda,
2083 805 2159 882 nisi

567 967 612 1018 ex
635 939 822 1022 involucri
844 942 1040 1044 utriusque
1065 942 1190 1016 forma
1216 937 1306 1016 relis
1334 937 1593 1015 Sebulziae
1618 966 1737 1041 genus
1761 967 1919 1026 servare.

686 1288 830 1364 Sison
857 1299 1072 1389 segetum
1095 1288 1140 1360 L.
1164 1285 1244 1366 Sm,
1297 1283 1422 1384 Hujus
1444 1283 1658 1380 meliorem,
1692 1311 1807 1388 qnam
1832 1299 1888 1362 est
1911 1278 2158 1385 Goodyeri

567 1413 670 1519 apud
695 1413 1463 1518 GerardumlHerb.emacul2101a),
1494 1391 1786 1516 descriptionem
1813 1412 1983 1490 exhibuit
2006 1414 2160 1486 Tour-

567 1543 815 1618 nelortius
845 1543 955 1637 (nist.
980 1543 1031 1643 pl.
1055 1570 1085 1619 c.
1104 1545 1223 1620 Paris.
1248 1570 1349 1642 naso.
1375 1555 1478 1642 303.)
1505 1542 1578 1620 sub
1603 1543 1758 1618 nomine
1782 1544 1852 1619 Sii
1876 1539 2100 1616 arnensis
2130 1561 2159 1609 s.

567 1685 789 1774 segetum.
850 1666 982 1744 Flores
1015 1668 1242 1747 umbellulae
1271 1673 1454 1750 centrales
1490 1669 1661 1766 sessiles,
1695 1669 2016 1747 circumferentiae
2048 1665 2161 1764 longe

566 1797 809 1902 pedunculati
817 1824 829 1895 3
861 1796 993 1900 petalis
1020 1798 1198 1880 involutis
1219 1803 1387 1903 integris.

683 2115 839 2193 Ammi
872 2118 917 2190 L.
969 2112 1031 2193 Ab
1068 2116 1142 2192 isto
1174 2119 1326 2221 quidem
1359 2143 1497 2221 genere
1526 2118 1558 2193 si
1586 2119 1788 2195 commode
1817 2109 2165 2220 Leptocanlem

569 2245 756 2349 separavit
780 2241 1090 2340 Candollius‚
1114 2244 1203 2320 huic
1229 2260 1354 2321 tamen
1378 2271 1482 2321 novo
1509 2246 1638 2346 generi
1661 2246 1853 2323 includere
1880 2257 2030 2351 oportet
2047 2245 2166 2318 Tra·

570 2375 907 2478 cbyspermurn
931 2386 967 2448 et
992 2373 1377 2476 Discopleuram.
1430 2375 1546 2468 Quod
1562 2376 1661 2449 enirn
1678 2377 1785 2476 prius
1806 2382 1957 2471 attinet,
1982 2373 2058 2448 boc
2081 2372 2166 2472 ipso

572 2504 627 2580 (ΙΙ.
666 2502 871 2579 Linkius
904 2501 1057 2603 (Enum.
1084 2501 1146 2597 alt.
1170 2505 1198 2578 Ι.
1223 2507 1326 2603 267.)
1350 2503 1559 2605 designavit
1580 2505 1734 2578 Ammi
1764 2506 2012 2614 copticum
2034 2505 2163 2602 Jacq.·

570 2621 748 2735 idemque
774 2615 801 2708 a
812 2629 1083 2708 Candollio
1109 2632 1157 2707 ad
1183 2632 1490 2736 Ptycbotidis
1516 2657 1635 2733 genus
1650 2630 1896 2709 Kocbian'um
1916 2647 1971 2708 est
1993 2629 2166 2706 relatum.

571 2761 634 2839 Ab
659 2763 730 2836 isto
757 2774 884 2836 tamen
909 2774 991 2836 turn
1018 2760 1171 2855 babitu,
1195 2776 1275 2836 tum
1303 2763 1447 2837 fructus
1473 2763 1776 2837 conforrnatione
1798 2787 1879 2835 non
1904 2763 2029 2837 minus
2053 2785 2165 2834 rece-

573 2892 649 2986 dit,
682 2915 798 2990 quam
819 2914 908 2962 cum
934 2889 1086 2962 Ammi
1117 2888 1395 2967 divaricato
1418 2894 1544 2964 Pers.
1585 2892 1691 2993 (Syn.
1717 2894 1747 2965 1.
1774 2905 1860 2978 308.
1888 2888 1993 2993 quod
2017 2890 2165 2989 Lepto-

573 3013 689 3093 caulis
714 3020 797 3112 Dc.)
824 3001 1025 3108 convenit}
1069 3015 1175 3116 quod
1209 3019 1320 3094 etiam
1347 3018 1444 3098 valet
1469 3020 1517 3094 de
1542 3018 1675 3121 petalis
1701 3033 1813 3123 atque
1836 3017 2045 3095 involucro.
2097 3013 2167 3092 Illa

574 3145 727 3219 enimin
743 3157 909 3242 utroque
929 3140 1094 3243 integra,
1121 3139 1207 3219 licet
1230 3143 1271 3221 in
1284 3139 1827 3250 A.divaricato'elliptica‚
1853 3149 1894 3222 in
1909 3148 1955 3223 A.
1975 3145 2166 3248 coptico
2271 3161 2274 3168 “

575 3270 832 3365 subrotnnda3
859 3267 973 3367 hujus
996 3284 1121 3346 autem
1148 3298 1296 3376 semper
1321 3275 1428 3350 adest
1446 3274 1622 3349 foliolum
1648 3301 1768 3349 unum
1794 3275 1998 3350 alterumve
2025 3271 2167 3347 indivi-

575 3428 679 3492 sum,
724 3400 816 3472 dum
845 3397 1070 3476 involucella
1103 3411 1298 3503 nunquam
1334 3403 1606 3480 desiderantur.
1676 3400 2041 3505 Discopleurae
2070 3399 2169 3476 cba-

575 3544 698 3603 racter
712 3527 962 3628 potissimum
991 3528 1162 3603 consistit
1185 3532 1226 3606 in
1253 3527 1460 3610 substantia
1481 3531 1636 3609 seminis
1656 3531 1843 3626 corticali‚
1884 3531 1982 3606 circa
2008 3530 2164 3606 dorsum

578 3654 660 3753 ejus
684 3679 868 3757 perquam
894 3647 1019 3754 tenui,
1059 3657 1108 3733 ad
1134 3639 1404 3737 commissurae
1435 3662 1615 3764 angulum
1652 3639 1749 3738 reru¹
1770 3661 1948 3760 utrinque
1965 3645 2167 3762 insigniter

489 3803 528 3890 ⁴.
577 3782 803 3880 incrassata3
851 3786 1002 3888 qualem
1034 3769 1261 3864 structuram
1294 3767 1348 3865 in¹
1367 3788 1469 3864 nulla
1512 3788 1585 3864 alia
1615 3786 1863 3864 Umbellifera
1902 3769 1985 3865 sibi'
2013 3788 2167 3868 obviam

578 3911 695 3986 fuisse
731 3913 862 3987 asserit
895 3913 952 3991 Ill.
982 3913 1290 3992 Candollius.
1352 3921 1512 3996 Prorsus
1546 3917 1706 3994 similem
1733 3933 1859 3993 tamen
1885 3915 2169 3996 observavimus

580 4039 622 4113 in
646 4039 922 4118 Oenantbes
944 4042 1173 4144 quibusdam
1196 4041 1408 4145 speciebus,
1443 4073 1474 4121 e.
1493 4057 1528 4148 g'.
1553 4049 1627 4123 Oe.
1650 4045 2068 4147 peucedanilolia:
2092 4050 2169 4121 ‘ner

436 4200 447 4229 s
582 4167 622 4240 in
656 4165 738 4243 aliis
773 4168 1051 4264 Umbellileris,
1089 4198 1119 4244 e.
1141 4201 1175 4272 g.
1211 4174 1561 4269 Phellandrio,
1597 4177 1752 4277 vestigia
1788 4173 1886 4250 illius
1928 4171 2168 4250 desiderabis.

584 4297 641 4370 Er
667 4296 791 4373 altera
825 4314 930 4400 parte
970 4326 1057 4373 cum
1095 4301 1225 4376 eadem
1264 4305 1312 4378 sit
1345 4307 1490 4380 fructus
1524 4308 1649 4381 forma
1685 4305 1864 4398 exterior,
1912 4307 1944 4381 si
1984 4306 2171 4380 defectum

586 4427 806 4530 asperitatis·
838 4426 1028 4528 excipias,
1083 4421 1127 4502 in
1182 4421 1538 4533 Discopleura,
1602 4463 1699 4539 quae
1747 4421 1787 4511 in
1844 4431 2168 4536 Leptocauli:

586 4563 790 4659 utrumque
821 4583 959 4663 genus,
995 4552 1139 4634 ululato
1151 4557 1325 4660 -paulum
1346 4560 1594 4661 charactere,
1632 4568 1833 4643 commode
1865 4562 2170 4666 conjungendum

588 4678 747 4759 ridetur.

2195 775 2214 812 ἱ
