4786 5996
1263 577 1321 594 ..
1378 537 1436 617 64
1493 577 1552 594 ..

611 754 684 832 que
711 730 758 802 sit
783 728 1013 803 immersum.
1039 771 1091 787 —
1141 729 1263 805 Porro
1291 727 1610 830 investigabamus
1636 725 1747 802 hasce
1773 743 1909 831 partes,
1938 753 2023 802 cum
2046 753 2200 830 germen

612 859 726 962 paulo
761 860 880 960 magis
914 858 1085 934 adultum
1117 856 1270 932 lacinias
1303 858 1489 962 calycinas
1516 855 1566 933 ab
1592 857 1752 934 invicem
1783 859 2028 950 removisset,
2066 883 2137 930 nec
2158 857 2201 930 in

607 1016 687 1068 ovo
718 1015 851 1090 parum
885 988 1092 1063 admodum
1123 999 1235 1061 aucto
1259 986 1506 1061 mutationem
1527 982 1733 1060 notabilem
1762 983 2080 1086 deprehendimus
2101 984 2201 1085 (fig.

612 1137 729 1198 nostr.
748 1127 841 1217 90.),
868 1118 941 1191 nisi
965 1115 1069 1216 quod
1097 1113 1350 1216 cylindrulum
1377 1113 1494 1190 modo
1518 1114 1746 1215 descriptum
1772 1115 1902 1204 attinet
1926 1141 2012 1188 cum
2041 1141 2203 1215 corpus-

611 1250 697 1326 culo
728 1249 908 1349 adpenso.
981 1244 1143 1316 Inferior
1183 1244 1283 1318 enim
1316 1243 1396 1342 ejus
1428 1243 1641 1319 extremitas
1679 1242 1798 1317 bifida
1831 1255 1931 1330 erat,
1977 1241 2203 1343 corpusculo

611 1392 726 1454 ovato
767 1377 807 1450 in
841 1377 925 1475 ipso
959 1369 1046 1444 sinu
1076 1367 1253 1445 haerente
1287 1373 1388 1474 (Fig.
1414 1385 1532 1448 nostr.
1554 1371 1654 1470 21.);
1688 1385 1724 1444 et
1755 1368 1912 1444 alterum
1937 1370 2090 1474 quidem
2116 1397 2202 1446 crus

612 1506 661 1581 ad
692 1502 968 1604 longitudinem
996 1499 1210 1600 corpusculi
1239 1498 1510 1595 descendebat,
1541 1498 1698 1574 alterum
1725 1496 1877 1574 brevius
1901 1512 1991 1574 erat.
2019 1539 2066 1558 -
2118 1497 2204 1575 Alia

613 1650 739 1709 tamen
761 1629 954 1722 dissectio,
988 1625 1060 1702 sub
1091 1628 1241 1722 eadem,
1281 1629 1410 1730 quoad
1436 1631 1619 1705 exteriora
1645 1627 1799 1721 saltem,
1836 1623 1955 1701 ovarii
1986 1624 2203 1702 conditione

614 1759 805 1851 instituta,
839 1755 952 1831 nobis
977 1754 1145 1830 exhibuit
1171 1759 1435 1859 corpusculum
1459 1757 1575 1834 hocce
1602 1760 1653 1833 ita
1680 1757 1904 1850 adauctum,
1935 1765 1978 1826 ut
2003 1753 2203 1830 dimidium

614 1890 782 1968 cavitatis
818 1888 881 1964 ovi
917 1896 1117 1984 occuparet
1148 1885 1248 1986 (Fig.
1271 1901 1387 1961 nostr.
1406 1895 1501 1986 22).
1565 1885 1685 1964 Simul
1713 1882 1952 1988 corpusculi,
1993 1881 2070 1981 jam
2101 1887 2140 1958 et'
2163 1881 2202 1956 in

615 2017 812 2092 latitudine
834 2017 954 2110 aucti,
982 2015 1190 2089 extremitas
1215 2015 1388 2116 superior
1414 2013 1620 2118 apparebat
1647 2015 1861 2117 angustior,
1887 2011 2026 2086 debinc
2050 2039 2141 2089 vero
2164 2013 2203 2086 in

618 2157 835 2220 contextum
875 2142 954 2242 ejus
988 2143 1208 2219 cellulosum
1237 2142 1445 2219 substantia
1481 2145 1667 2247 quaedam
1703 2143 1951 2247 pellucidior,
1982 2142 2024 2215 in
2058 2139 2204 2217 ambitu

616 2271 788 2365 linearis,
822 2271 1072 2353 descendebat
1097 2276 1200 2374 (Fig.
1227 2286 1344 2346 nostr.
1363 2279 1452 2371 23.).
1477 2313 1529 2334 -
1580 2276 1724 2368 Quarta
1744 2269 1857 2346 nobis
1878 2269 2090 2371 disquisitio
2108 2259 2204 2344 lacta

616 2415 684 2485 estx
697 2400 763 2474 illo
785 2415 977 2503 tempore,
1004 2430 1083 2504 quo
1101 2402 1257 2478 laciniae
1281 2402 1416 2507 calycis
1442 2423 1574 2477 omnes
1596 2403 1757 2476 maxime
1779 2414 1926 2501 patent,
1952 2397 2054 2473 nulla
2081 2412 2205 2474 tamen

617 2529 808 2605 induratio
835 2545 911 2605 tarn
939 2532 1116 2624 istarum,
1154 2557 1267 2631 quam
1292 2534 1422 2628 nucis,
1462 2531 1586 2607 adhuc
1613 2530 1739 2606 locum
1763 2529 1918 2606 obtinet.
1985 2529 2205 2628 Corpuscu-

618 2657 697 2733 lum
730 2659 877 2760 saepius
903 2672 1154 2734 memoratum
1183 2685 1286 2734 nunc
1312 2661 1351 2735 in
1379 2665 1441 2738 ovi
1468 2690 1562 2738 cavo
1587 2661 1639 2736 ita
1663 2657 1930 2754 adscenderat,
1969 2671 2113 2734 utnon
2138 2686 2205 2735 su-

616 2803 781 2891 peresset
805 2787 995 2890 inspice,
1018 2786 1090 2862 nisi
1116 2800 1250 2888 quarta
1275 2786 1375 2887 ejus,
1403 2790 1507 2893 quod
1533 2774 1643 2865 antea
1668 2789 1757 2885 suit,
1783 2813 1891 2890 pars,
1919 2811 2033 2889 quarn
2051 2788 2203 2890 quidem

616 2913 768 2991 tenebat
797 2916 902 3016 quod
942 2931 1020 2992 erat
1051 2915 1238 3020 reliquum
1276 2919 1476 3024 cylindruli
1506 2918 1606 2994 illius
1641 2919 1799 2992 tortuosi
1838 2917 1938 3018 (Fig.
1974 2931 2093 2993 nostr.
2119 2918 2204 3016 24).
2287 2909 2289 2916 ’

620 3051 666 3122 ln
703 3045 931 3149 corpusculo
965 3046 1070 3147 ipso,
1106 3045 1213 3144 cujus
1242 3073 1366 3122 massa
1400 3045 1584 3122 cellularis
1618 3044 1744 3121 nullos
1770 3044 1964 3145 hucusque
1990 3045 2206 3121 continebat

619 3172 796 3277 globulos
821 3172 1055 3277 amylaceos,
1090 3175 1300 3249 extremitas
1326 3176 1498 3277 superior
1522 3174 1581 3252 vel
1605 3187 1823 3274 angustata,
1856 3199 1958 3249 nunc
1984 3175 2025 3249 in
2038 3195 2206 3251 ‘acumen

623 3301 803 3378 obtusum
832 3315 911 3376 erat
936 3315 1124 3404 porrecta.
1150 3342 1198 3358 -
1250 3301 1395 3378 Ultimo
1421 3302 1506 3378 loco
1534 3300 1773 3378 lustravimus
1796 3306 1961 3376 fructum
1981 3315 2092 3398 tunc,
2119 3330 2205 3380 cum

619 3433 692 3534 pisi
716 3430 856 3520 molem
881 3427 1028 3503 circiter
1050 3427 1303 3532 adaequabat,
1335 3430 1472 3535 calycis
1500 3446 1623 3505 autem
1650 3428 1826 3524 laciniae,
1860 3457 1963 3505 nunc
1989 3424 2204 3531 patentississ

617 3587 723 3655 mae,
761 3561 998 3636 indurescere
1032 3576 1243 3663 coeperant
1307 3564 1457 3664 Corpus
1491 3584 1691 3633 carnosum
1723 3571 1845 3632 totam
1877 3558 1955 3632 fere
1988 3556 2206 3660 impleverat

617 3691 681 3766 ovi
715 3691 914 3765 cavitatem
949 3691 1051 3792 (Fig.
1076 3705 1193 3765 nostr.
1212 3695 1306 3786 25.),
1342 3689 1564 3791 tantumque
1599 3686 1802 3764 voluminis
1838 3699 1918 3761 erat
1950 3700 2124 3784 nactum,
2163 3703 2204 3763 ut

618 3816 731 3915 hujus
759 3832 931 3919 respectu
960 3821 1236 3922 integumenta,
1281 3815 1419 3920 quibus
1455 3814 1740 3911 continebatur,
1775 3817 1864 3892 satis
1890 3814 2016 3889 tenuia
2042 3815 2206 3920 adpare-

617 3962 711 4020 rent.
776 3948 1003 4026 Extremitas
1031 3949 1110 4048 ejus
1144 3946 1357 4022 acuminata
1382 3971 1402 4020 e
1428 3933 1540 4019 latere
1567 3946 1736 4021 interiori
1761 3947 2071 4024 verruciformem
2097 3957 2205 4020 exse-

617 4073 725 4150 rebat
764 4075 1027 4170 eminentiam,
1069 4101 1166 4177 quae
1199 4073 1350 4175 quidem
1387 4072 1578 4175 plumulae
1611 4075 1798 4150 nascentis
1844 4072 2083 4150 manifestum
2125 4086 2205 4148 erat

616 4205 872 4279 rudimentum
899 4207 1000 4304 (Fig.
1027 4204 1085 4277 cit.
1110 4203 1176 4277 litt.
1196 4205 1263 4303 g).
1332 4199 1482 4276 Abhinc
1509 4202 1610 4277 enim
1639 4200 1848 4277 substantia
1872 4203 1991 4304 magis
2020 4199 2204 4303 pellucido

604 4353 693 4408 tam
718 4360 867 4408 sursum
889 4359 928 4430 se
953 4331 1177 4407 extendebat
1197 4332 1236 4404 in
1259 4332 1374 4432 partis
1396 4333 1630 4408 acuminatas
1653 4334 1796 4435 apicem
1818 4355 1958 4430 usque,
1992 4355 2107 4431 quam
2135 4335 2203 4404 de-

617 4489 747 4536 orsum
770 4460 1013 4535 descenderat
1035 4461 1075 4535 in
1098 4486 1238 4562 corpus
1259 4456 1478 4535 cellulosum
1501 4463 1648 4563 ipsum,
1675 4458 1780 4556 cujus
1806 4457 1959 4534 cellulae
1987 4486 2091 4538 nunc
2112 4485 2204 4562 pan-

616 4591 741 4668 tieulis
763 4591 959 4667 farinaceis
989 4587 1225 4691 aliquatenus
1248 4589 1410 4692 repletae
1436 4584 1776 4692 conspiciebantur.
1827 4585 1994 4663 Ulterius
2020 4586 2118 4664 banc
2143 4589 2205 4662 in-

618 4720 922 4821 vestigationem,
961 4717 1075 4820 quam
1108 4718 1215 4794 nucis
1246 4717 1436 4794 induratio
1470 4718 1590 4821 magis
1626 4717 1818 4818 magisque
1854 4714 2043 4791 difficilem
2071 4716 2204 4808 reddit,
