4786 5996
222 745 492 852 speciminibus
518 744 712 850 conjungit
750 748 991 823 Steveuns
1029 748 1067 851 (l.
1092 775 1125 833 c.
1148 753 1248 846 71.);
1285 745 1462 853 idemque
1494 751 1550 830 Cl.
1583 757 1653 832 Vir
1683 757 1818 836 eodem

223 873 311 950 loco
342 877 450 952 Her.
483 870 891 978 ligusticifolium
926 879 981 952 Μ.
1006 877 1048 952 lt
1078 872 1232 968 babitu,
1284 873 1384 951 fores
1407 877 1643 986 floribusque
1666 885 1820 964 similli-

216 1033 330 1086 -rnum
366 1003 457 1082 dicit
490 1009 538 1081 Η.
574 1003 757 1107 pumilo
788 1002 916 1098 vill,
952 1004 1004 1078 ita
1037 1017 1100 1095 ut,
1125 1003 1299 1078 nondum
1338 1003 1594 1108 visoliuctu,
1629 1012 1819 1114 diagnosis

223 1133 381 1216 stabiliri
405 1134 575 1236 nequeat
642 1133 755 1207 Hunc
787 1145 913 1207 tamen
939 1129 988 1206 ab
1023 1129 1249 1207 Heraclei
1289 1135 1414 1208 fructu
1446 1161 1528 1210 non
1565 1137 1737 1234 differre,
1774 1167 1818 1217 ex

225 1264 337 1340 icone
361 1289 407 1340 ac
431 1261 684 1364 descriptione
710 1258 935 1334 Villarsii
968 1285 1152 1362 perquam
1186 1255 1386 1364 prebebile
1411 1277 1487 1356 est,
1510 1289 1594 1340 vnec
1618 1293 1820 1368 possumus

225 1393 313 1470 ideo
340 1391 398 1471 Cl.
423 1388 714 1494 Sprengelio
754 1386 954 1480 adsentiri,
996 1388 1062 1488 qui
1086 1387 1253 1490 plantam
1292 1387 1390 1464 banc
1425 1387 1498 1465 sub
1534 1393 1818 1472 Peucedano

223 1519 445 1615 collocavit,
483 1543 610 1618 aquo
631 1514 765 1619 petalis
798 1517 911 1592 etiarn
934 1515 1047 1618 plane
1073 1513 1265 1592 abhorret.
1335 1517 1382 1592 In
1420 1518 1625 1618 specimine
1649 1523 1818 1602 florifero

221 1646 470 1743 vittarsiano,
496 1645 600 1749 quod
625 1647 665 1722 in
689 1640 986 1749 phytopbylacio
1012 1642 1068 1721 Cl.
1094 1645 1379 1720 Fontanesii
1405 1644 1645 1743 adservatur,
1672 1649 1816 1727 caulem

221 1790 472 1876 prostratum,
508 1773 658 1879 qualem
695 1772 955 1850 Villarsius
990 1771 1141 1876 plantae
1175 1769 1264 1848 buic
1300 1773 1455 1870 tribuit,
1496 1774 1599 1851 baud
1640 1777 1816 1878 equidem

223 1900 519 1983 observavimus.
590 1903 699 1981 Folia
733 1901 1014 2008 decomposita,
1056 1895 1197 1976 foliolis
1239 1899 1425 2006 petiolatis
1465 1903 1622 2000 trifidis,
1672 1902 1816 1982 laciniis

220 2025 379 2110 obtusis.
643 2030 645 2034 ’

335 2288 625 2394 Tordylium
660 2286 923 2367 officinale
964 2269 1023 2363 L(
1074 2285 1184 2363 Licet
1214 2285 1367 2390 quidem
1407 2285 1646 2364 Smitbius
1685 2288 1813 2390 (Lino.

222 2417 357 2492 Trans.
382 2418 469 2494 XII.
493 2414 603 2518 Engl.
626 2416 682 2492 Fl.
708 2420 757 2493 ll.
786 2424 890 2515 104)
911 2415 1010 2492 banc
1034 2415 1217 2514 speciem,
1244 2440 1340 2516 quae
1366 2437 1388 2490 a
1414 2410 1603 2518 plerisque
1626 2418 1815 2494 recentio·
1873 2519 1875 2526 Ι

220 2541 329 2622 ribus
354 2569 441 2623 cum
472 2542 610 2620 Tord.
647 2541 814 2646 apulo,
852 2543 1010 2648 aliisque
1050 2543 1207 2618 confuse
1237 2557 1336 2639 erat,
1378 2545 1521 2647 optime
1563 2541 1814 2640 illustraverit,

212 2668 348 2772 ¹aliqua
373 2683 501 2746 tamen
526 2685 687 2769 restant,
720 2699 817 2777 quae
844 2671 1047 2750 observatu
1071 2671 1186 2772 digna
1211 2672 1394 2749 videntur.
1447 2673 1575 2752 Serius
1600 2672 1714 2752 nobis
1737 2677 1815 2752 flo-

218 2800 314 2895 ruit,
350 2827 466 2903 quam
501 2804 546 2878 Τ.
572 2800 766 2906 apulum
791 2807 897 2906 L.,a
931 2827 1010 2906 quo
1042 2813 1234 2903 praeterea
1269 2794 1395 2875 differt
1430 2799 1536 2876 caule
1568 2798 1814 2904 pubescenti-

218 2943 456 3027 tomentoso,
488 2957 559 3008 nec
592 2927 761 3024 hirsuto;
795 2929 939 3016 foliolis
976 2927 1133 3006 caulinis
1170 2925 1430 3030 superioribus
1473 2927 1594 3004 inciso
1609 2931 1813 3026 -serratis,

216 3081 288 3132 nec
313 3057 568 3160 pinnatifidis3
592 3054 768 3134 umbellis
792 3073 878 3134 ante
899 3057 1073 3136 antbesin
1099 3056 1341 3152 nutantibus,
1374 3083 1445 3134 nec
1476 3083 1625 3161 semper
1661 3061 1814 3156 erectis3

218 3184 453 3262 involuoellis
477 3185 724 3284 umbellulsrn
744 3163 996 3290 aequantibus
1023 3185 1081 3266 vel
1107 3183 1392 3290 superantibus,
1429 3212 1500 3263 nec
1532 3183 1596 3262 illa
1621 3184 1813 3268 breviori·

161 3409 166 3417 ·
220 3309 318 3408 bus3
350 3310 505 3390 corollis
530 3315 649 3406 duplo
675 3315 907 3417 majoribus3
932 3313 1144 3418 petalorum
1169 3313 1398 3390 radiantium
1420 3312 1519 3392 lobis
1548 3313 1813 3394 subrotundo-

219 3442 340 3518 ovatis
363 3441 652 3543 approximatis,
678 3444 826 3548 sibique
859 3444 1059 3522 lateraliter
1090 3438 1416 3537 incumbentibus,
1452 3468 1524 3518 nec
1549 3441 1810 3524 obovato-li-

214 3552 396 3650 'nearibus
428 3571 660 3670 divaricatis3
689 3574 792 3680 stylis
837 3574 981 3650 fructus
1016 3570 1186 3678 reflexis,
1224 3597 1294 3645 nec
1331 3570 1567 3674 putentibus,
1603 3573 1812 3654 seminibus

221 3697 363 3776 ambitu
391 3699 655 3798 circularibus,
679 3729 751 3778 nec
774 3701 956 3804 elliptieis.
1018 3697 1141 3798 Hujus
1176 3697 1323 3774 iconem
1348 3703 1437 3778 satis
1461 3700 1605 3779 bonam
1630 3701 1748 3788 babes
1771 3695 1841 3780 in¹

221 3832 291 3906 Fr.
318 3829 375 3905 de
400 3827 767 3932 Portenscblag
790 3829 927 3904 Enum.
952 3827 1002 3930 pl.
1028 3827 1068 3900 in
1103 3824 1291 3902 Dalmatia
1316 3823 1441 3904 lectar.
1467 3841 1491 3904 t
1516 3845 1553 3916 3.
1605 3834 1711 3928 Quae
1735 3827 1811 3907 buu

220 3985 244 4034 a
281 3956 567 4059 Sprengelio
599 3961 712 4060 (Syst.
749 3961 840 4060 Veg.
872 3955 931 4032 ed.
955 3957 1001 4032 R.
1037 3956 1076 4030 S.
1110 3957 1178 4033 vt·
1210 3961 1314 4053 460.)
1347 3955 1465 4031 relata
1498 3971 1554 4032 est
1586 3955 1809 4034 Caucalis

217 4088 482 4166 lusitanice
504 4089 546 4161 P.
572 4085 660 4189 Alp.
680 4089 790 4164 Erot
816 4100 842 4161 t.
866 4081 953 4174 308.
979 4083 1028 4160 ad
1054 4083 1344 4190 Tordylium
1370 4087 1620 4164 maximum
1643 4089 1688 4162 L.
1716 4111 1809 4188 per-

214 4219 318 4296 tinet.
370 4217 526 4292 Caetera
547 4237 757 4320 synonyma
782 4214 924 4318 optime
940 4209 1098 4288 contulit
1123 4211 1360 4292 Smitbius
1386 4214 1412 4292 l.
1438 4243 1484 4314 c,
1509 4213 1657 4294 exclusa
1677 4215 1809 4290 'umen

216 4345 346 4450 planta
371 4345 438 4418 do.
464 4321 674 4422 Bauhiui
708 4345 836 4446 (caue.
871 4342 963 4419 min.
989 4357 1056 4418 etc.
1081 4345 1129 4418 ll.
1155 4344 1196 4416 P.
1223 4343 1289 4418 lli.
1317 4345 1357 4419 P.
1383 4347 1433 4425 11.
1466 4348 1557 4446 84),
1583 4343 1723 4448 quippe
1757 4341 1808 4416 ad

217 4474 360 4553 Tord.
397 4469 607 4574 apulum,
640 4484 771 4548 nostra
796 4471 977 4546 sententia
998 4468 1170 4572 quidem,
1212 4473 1419 4568 referenda,
1456 4474 1551 4550 sicut
1582 4467 1807 4546 Caucalis
1929 4537 1930 4542 ,

216 4600 395 4680 Bellon.
432 4597 607 4698 (Observ.
638 4599 755 4674 Paris.
785 4609 892 4686 1553.
914 4599 981 4672 lll.
1007 4607 1087 4698 50)
1113 4629 1200 4678 curn
1227 4603 1337 4679 icone
1371 4597 1574 4678 commoda
1609 4593 1805 4699 hucusque

214 4727 403 4831 neglecta,
428 4726 535 4827 cujus
560 4725 647 4806 loco
671 4755 693 4806 a
720 4726 888 4806 Clusio
919 4729 958 4804 in
989 4725 1101 4830 hujus
1126 4733 1251 4836 operis
1280 4731 1451 4810 versione
1479 4725 1597 4804 latine
1623 4725 1803 4804 Cauca-

1167 4971 1175 4980 ·
1300 4857 1327 4942 6
