4786 5996
1255 543 1556 625 ..46-

725 733 934 816 scandix
963 735 1150 810 nodosa
1176 737 1221 810 L.
1244 773 1295 794 -
1335 735 1393 812 Cl.
1419 733 1624 814 blarsclu
1659 733 1973 816 Biebersteiu
2011 739 2053 836 (l.
2076 770 2107 818 c
2132 746 2200 820 llL

613 873 713 970 228.)
738 868 840 944 banc
862 863 934 940 sub
959 861 1327 966 Cbaeropbyllo
1352 865 1661 962 nunccnllocat,
1694 868 1756 942 cui
1781 865 1913 942 tribuit
1948 872 2131 946 “semina
2150 872 2203 948 li-

612 992 962 1086 neari-subulata,
986 1021 1072 1068 cum
1099 993 1213 1067 costis
1237 993 1407 1095 quinque
1443 992 1630 1071 obtusis”.
1691 998 1741 1070 Et
1765 993 1903 1096 planta·
1918 999 2073 1100 quidem
2097 1003 2205 1074 Tau-

611 1131 713 1220 rica,
740 1122 847 1222 cujus
872 1122 1077 1222 specimina
1102 1122 1292 1195 fructifera
1329 1121 1384 1197 Cl.
1413 1126 1625 1199 stereus
1651 1122 1856 1216 debemus,
1903 1152 2032 1200 revera
2061 1131 2207 1205 sentina

613 1253 730 1330 babet
752 1247 1004 1350 obumguta
1016 1306 1028 1342 ,
1054 1249 1263 1351 eademque
1285 1254 1391 1353 apice
1417 1265 1690 1328 attenuatazat
1715 1251 1766 1328 iu.
1780 1251 2106 1352 plauta'burtensi
2127 1260 2208 1358 ipsa

613 1383 863 1458 observantur
887 1379 1132 1470 semitcretia,
1164 1406 1235 1453 uec
1264 1407 1429 1481 superne
1451 1391 1661 1474 alterutrata,
1699 1379 1897 1483 simulque·
1914 1384 2062 1484 argutis
2085 1387 2208 1462 ‹lesti-

611 1527 710 1605 tuta,
736 1508 860 1612 qualia
882 1511 1004 1611 pingit
1032 1512 1348 1588 Gaertuerns'
1366 1515 1443 1610 (Fr.
1467 1523 1505 1583 et
1536 1513 1627 1584 serit.
1653 1512 1741 1584 Le·
1756 1515 2009 1612 snt-ruffine
2040 1513 2229 1594 dubitari.

613 1653 755 1740 potest,
793 1653 962 1740 quonam
987 1635 1060 1713 sub
1085 1665 1221 1741 genere
1245 1636 1467 1712 collocanda
1492 1641 1540 1712 sit
1565 1637 1658 1712 baec
1680 1641 1847 1740 species,
1878 1667 1975 1742 quae
2007 1656 2132 1718 tamen
2161 1669 2205 1718 ex

613 1764 744 1843 babitu
769 1765 903 1843 melius
929 1764 1002 1844 sub
1037 1761 1410 1869 Chaeropbyllo
1435 1763 1595 1842 militare
1621 1768 1780 1844 ¹ridetur.

614 2019 620 2028 ’
728 2011 939 2100 scandix
975 2021 1209 2099 australis
1246 2025 1290 2097 L.
1320 2023 1381 2098 rix
1417 2019 1599 2100 differt'a
1626 2029 1671 2102 S.
1694 2006 1892 2126 Pectine
1920 2025 2087 2102 'floribus
2114 1997 2206 2130 ‘plus

614 2157 786 2232 minusve
817 2155 994 2244 radiatis,
1032 2155 1169 2227 certius
1206 2169 1331 2228 autern
1370 2154 1523 2228 seminis
1563 2143 1923 2250 rostro'subulato,
1964 2155 2071 2260 quod
2101 2158 2141 2260 iu
2167 2159 2205 2234 S.

613 2285 813 2360 Pectine
840 2295 897 2356 est
912 2279 1077 2382 'planum
1103 2279 1264 2375 lineare,
1289 2281 1450 2388 basique
1475 2281 1667 2395 paulisper
1692 2299 1944 2392 coutortnm,
1980 2287 2031 2359 ita
2048 2301 2090 2360 ut
2109 2287 2205 2360 acies

615 2411 905 2488 commissuram
941 2412 1094 2486 seminis
1131 2415 1325 2514 respiciat,
1352 2439 1422 2488 nec
1449 2430 1491 2488 ut
1528 2416 1568 2489 in
1595 2416 1633 2488 S.
1661 2410 1884 2509 australi,
1909 2411 1974 2488 ubi
1998 2407 2112 2489 simul
2134 2412 2207 2489 ob-

614 2544 880 2631 tusissimam,
902 2541 1019 2642 ipsius
1032 2539 1159 2616 latera.
1210 2543 1294 2616 Hoc
1310 2542 1428 2618 modo
1452 2542 1717 2644 intelligendus
1739 2555 1797 2616 est
1820 2539 1875 2618 Cl.
1893 2541 1989 2618 Hos
1992 2547 2012 2618 s
2013 2567 2207 2620 manuus

614 2671 824 2782 (Umbellif.
848 2671 1015 2764 XXIV.),
1039 2670 1071 2744 si
1098 2671 1135 2746 S.
1158 2671 1366 2768 australi,
1396 2675 1509 2750 rostri
1548 2663 1716 2752 valrulas
1741 2673 1880 2770 fructui
1918 2671 2136 2774 parallelas,
2171 2675 2208 2749 S.

616 2789 825 2894 Pectinis
850 2812 976 2872 autem
1024 2798 1125 2900 ipsas
1173 2802 1311 2875 fructui
1359 2785 1568 2879 contrarias
1606 2797 1738 2876 tribuit
1779 2813 1816 2873 et
1849 2799 1937 2874 inde
1975 2804 2211 2905 potissimum

615 2919 817 3006 biscrimm
854 2933 947 3028 petit
971 2925 1168 3030 Wyliae
1194 2955 1239 3004 ac
1264 2917 1758 3033 Scandicis'generum3
1782 2921 1889 3032 quod'
1912 2931 2065 3034 quidem
2092 2935 2210 3009 Can-

616 3058 826 3151 dollins,
862 3055 980 3136 modo
1005 3067 1164 3129 naturae
1195 3085 1275 3132 non
1309 3061 1429 3161 magis
1468 3057 1726 3152 convenienti,
1772 3059 1824 3133 ita
1850 3063 2030 3162 expressit
2061 3064 2209 3158 (Pro'dr.

610 3192 681 3280 tv.
704 3193 820 3286 m),
845 3198 887 3260 ut
907 3184 1102 3260 Pectini
1126 3185 1314 3286 (Scandic.
1338 3202 1425 3265 sect
1451 3189 1500 3288 1.)
1526 3190 1670 3274 fructus
1691 3202 1856 3269 rostrum
1880 3216 1904 3262 a
1930 3190 2068 3294 dorsu,
2096 3199 2211 3299 wy-

613 3317 711 3408 liae
736 3329 862 3394 autem
887 3309 961 3412 (Ej.
986 3339 1015 3388 s.
1042 3309 1118 3410 11.)
1143 3311 1293 3407 idema
1317 3313 1433 3396 latere
1462 3343 1720 3420 compressum
1759 3314 1949 3393 tribueret
2013 3322 2092 3424 Pro*
2121 3350 2209 3426 spe-

610 3446 872 3537 ‚cificatamen
896 3440 1110 3546 differentia
1134 3443 1357 3553 stabilienda
1380 3445 1473 3544 baec
1497 3446 1590 3522 aciei
1609 3444 1727 3548 ‘rustri
1752 3441 1910 3548 directio
1933 3449 2124 3550 aptissima
2151 3453 2212 3528 vi-

617 3579 748 3670 detur,
774 3575 863 3655 licet
887 3569 1055 3671 neglecta
1088 3595 1112 3646 a
1150 3570 1214 3678 Cl·
1240 3575 1341 3652 Viris
1368 3565 1661 3678 Sprengelio
1690 3588 1726 3648 et
1761 3571 2111 3682 Bibersteinio,
2143 3582 2207 3682 qui

619 3703 894 3804 econtrarip
881 3701 996 3796 caulis
1015 3669 1335 3808 pilositatem1vel
1342 3703 1619 3810 glabritieru,
1613 3702 1794 3804 foliorum
1821 3703 2151 3811 petalorumque
2127 3708 2210 3786 lor-

619 3861 759 3930 mam,
769 3830 883 3926 rostri
908 3828 1207 3936 longitudinem,
1234 3832 1477 3911 directionem
1501 3861 1546 3936 pq
1566 3834 1818 3936 superficiem
1827 3851 2087 3940 respexerunt,
2119 3864 2211 3940 quas

617 3963 770 4066 quidem
798 3978 926 4058 notas,
954 3960 1099 4036 collatis
1125 3958 1250 4036 multis
1275 3961 1543 4063 speciminibus
1570 3965 1620 4037 ita
1646 3961 1846 4037 lubriuas
1835 3962 2068 4056 invenimus,
2091 3982 2132 4038 ut
2152 3967 2208 4040 sas

618 4094 666 4168 sit
689 4090 872 4187 dubitare,
898 4117 990 4165 num
1016 4110 1146 4166 revera
1166 4089 1323 4164 totidem
1348 4093 1556 4194 specierum
1582 4089 1662 4191 lege
1685 4087 1861 4165 differant
1885 4092 1952 4165 Sc
1971 4090 2210 4188 australis,

616 4218 944 4322 grandiflora,
970 4218 1166 4294 saluata
1180 4234 1217 4295 et
1243 4220 1435 4298 iberica.
1486 4224 1619 4323 Neque
1645 4217 1770 4294 minus
1796 4219 1857 4292 Sc.
1885 4219 2064 4291 Peeten
2083 4219 2212 4294 veria·-

609 4333 803 4425 'tionlbu‘s
798 4362 870 4423 est
887 4329 1083 4440 obnoxia,
1109 4347 1241 4450 planta
1259 4341 1413 4426 iberica
1422 4347 1540 4426 enirn
1550 4361 1804 4425 nostratuum
1814 4341 1962 4420 statura
1992 4342 2104 4446 lunge
2118 4367 2212 4418 ma·

607 4457 699 4576 'ieri
715 4463 1010 4574 aelrnbps'tiori,
1049 4469 1165 4612 quam
1192 4478 1338 4555 cultura
1360 4469 1449 4554 nbn
1468 4479 1686 4581 deponit,
1680 4492 1775 4552 ιι
1770 4469 1948 4577 experti
1944 4491 2105 4546 ιι·ιιιιιι
2116 4465 2209 4544 nec

616 4611 687 4686 nisi
713 4611 805 4694 alta
812 4611 979 4688 varietas
975 4597 1142 4685 rostr'd
1139 4599 1296 4694 'sbrben
1291 4599 1432 4710 quuatl
1459 4600 1747 4711 lungitbdinent
1767 4625 1858 4681 non
1901 4593 2208 4700 muttunisupe-

617 4757 742 4837 rante,
767 4744 908 4818 estSc
931 4738 1405 4842 brachycarpaGuss.
1433 4738 1669 4814 etaliorum.
1778 4747 1837 4808 tii
1873 4738 1906 4794 ·¹·'
1956 4745 1961 4763 '
2034 4725 2140 4792 ¹·¹'
2111 4783 2115 4792 ·
