4786 5996
1244 585 1534 670 ..08-

602 797 790 878 utentum,
817 781 918 857 unde
941 779 1095 882 insignis
1118 775 1312 854 suboritur
1335 776 1450 878 hujus
1476 772 1712 881 superficiem
1734 775 1831 851 inter
1852 787 1888 848 et
1905 775 2072 850 fructum
2098 772 2191 858 hia-

602 924 678 982 tus:
707 908 819 984 simul
843 909 1133 1011 perispermium
1163 923 1275 982 unus
1302 932 1346 983 ac
1376 935 1519 986 meram
1549 907 1749 984 cuticulam
1774 903 2003 1020 pellucidam
2028 905 2193 978 referens

602 1039 730 1113 tunica
755 1039 945 1114 interioris
965 1039 1160 1113 cavitatem
1182 1034 1333 1113 investit
1356 1038 1459 1138 (ttg.
1480 1050 1596 1113 nostr.
1613 1039 1703 1137 27.).
1755 1039 1799 1112 In
1830 1033 1942 1110 tertio
1966 1046 2062 1106 statu
2090 1029 2191 1104 idem

604 1163 727 1242 hiatus
746 1167 928 1269 persistit,
953 1191 1067 1243 ovum
1087 1181 1214 1239 tamen
1233 1159 1368 1269 incipit
1387 1192 1550 1243 creseere
1570 1181 1606 1242 et
1620 1164 1840 1270 embryonis
1860 1163 1983 1266 pu'ma
2003 1139 2191 1264 apparitio

604 1293 677 1368 sub
698 1294 843 1398 globuli
866 1293 982 1371 albidi
1009 1295 1131 1367 forma
1156 1292 1282 1371 locum
1305 1294 1418 1372 habet
1438 1296 1540 1397 (vig.
1561 1309 1677 1371 nostr.
1695 1301 1782 1392 98).
1836 1297 1879 1368 In
1907 1307 2042 1396 quarto
2065 1293 2192 1368 incre-

606 1425 723 1498 menti
745 1425 868 1500 stadio
894 1427 1083 1500 minutum
1104 1421 1424 1526 deprehendimus
1452 1424 1691 1500 interstitium
1720 1425 1818 1498 iuter
1846 1420 2099 1524 pericarpium
2128 1437 2192 1498 at-

607 1579 680 1656 que
702 1581 840 1648 ovum,
866 1551 972 1652 cujus
993 1550 1237 1628 membranae
1260 1554 1466 1630 extensioni
1488 1552 1837 1629 cedentesmultum
1861 1563 1948 1627 sunt
1968 1562 2191 1643 attenuatae,

608 1681 720 1755 simul
750 1681 1019 1785 apparentibus
1052 1680 1240 1784 plantulae
1271 1679 1561 1786 cotyledonibus
1590 1682 1802 1758 divaricatis
1838 1682 1939 1780 (vig.
1968 1692 2085 1753 nostr.
2104 1687 2193 1774 29.).

609 1813 750 1904 Quinta
772 1812 987 1891 observatio
1008 1838 1087 1886 non
1113 1810 1222 1884 aliam
1248 1813 1358 1886 nobis
1381 1807 1532 1884 exhibet
1556 1813 1825 1904 mutationem,
1861 1810 1932 1884 nisi
1951 1795 2192 1910 augmentum

610 1943 780 2016 omnium
798 1944 860 2019 ovi
877 1933 1054 2043 partium,
1079 1965 1164 2013 eum
1183 1937 1471 2043 cotyledonibus
1490 1935 1564 2013 sibi
1581 1940 1850 2042 approximatis
1868 1937 1962 2038 (vig.
1977 1951 2094 2012 nostr.
2106 1943 2192 2035 30),

610 2082 773 2144 etsexta
807 2071 999 2172 denique,
1027 2093 1140 2170 quam
1165 2080 1289 2141 status·
1310 2081 1481 2144 maturus
1503 2068 1660 2171 excipit,
1705 2066 1847 2142 hiatum
1880 2079 2066 2140 monstrat
2098 2067 2194 2140 inter

610 2199 862 2298 pericarpium
880 2221 1071 2298 ovumque
1092 2199 1169 2270 fere
1191 2195 1350 2272 omnino
1381 2193 1585 2291 abolitum3
1618 2197 1731 2272 simul
1759 2199 1822 2272 ovi
1851 2195 2088 2274 involucmm
2118 2197 2193 2270 du·

550 2381 554 2386 .
608 2322 715 2422 plex,
739 2323 791 2398 ob
811 2326 1108 2404 extenuationem
1131 2349 1338 2418 summam,
1362 2351 1463 2399 nunc
1482 2327 1634 2400 unicum
1656 2325 1899 2401 solummodo
1926 2325 2071 2423 efficere
2085 2327 2192 2404 vide-

611 2464 672 2522 tur
704 2453 804 2554 (rig.
827 2471 944 2532 nostr.
962 2457 1041 2558 31.)
1073 2455 1263 2555 ipsiusque
1299 2454 1438 2530 cavitas
1469 2450 1519 2527 ab
1549 2450 1779 2557 embryoue,
1818 2454 1924 2554 cujus
1952 2454 2192 2559 cotyledones

613 2605 715 2655 nunc
741 2583 985 2685 complicatae
1012 2600 1121 2680 sunt,
1148 2585 1336 2658 intutum
1363 2578 1543 2684 expletur.

1332 2884 1367 2980 ς.
1421 2877 1462 2954 o.

1177 3037 1631 3118 utcltvUS.

723 3221 916 3323 Optimam
959 3221 1044 3299 licet
1090 3223 1241 3298 seminis
1289 3222 1450 3297 Ricini
1492 3224 1757 3298 communis
1799 3228 1843 3300 t..
1893 3223 2193 3326 disquisitionem

612 3349 888 3424 Gaertnero
924 3348 1127 3428 debeamus
1157 3351 1204 3454 (l.
1222 3376 1251 3427 c.
1277 3353 1324 3426 11.
1351 3355 1473 3453 116.),
1526 3351 1583 3427 Cl.
1612 3352 1680 3426 Vir
1709 3367 1835 3429 tamen
1867 3353 1964 3428 circa
1995 3353 2190 3428 involucra

612 3477 690 3576 ejus
714 3477 962 3556 hallucinatus
982 3505 1061 3557 esse
1084 3480 1253 3577 videtur,
1278 3505 1375 3584 quae
1395 3483 1494 3557 enim
1519 3507 1608 3584 pars
1628 3480 1677 3556 ab
1697 3485 1782 3586 ipso
1806 3485 2103 3584 integumentum
2127 3483 2192 3556 in-

608 3608 725 3684 terius
744 3623 921 3704 vocatur,
945 3636 989 3685 ac
1012 3624 1142 3687 testam
1165 3611 1264 3686 inter
1284 3623 1397 3712 atque
1410 3605 1590 3686 albumen
1611 3611 1682 3686 sita
1701 3627 1778 3705 est,
1806 3637 1937 3689 revera
1957 3637 1978 3685 e
1997 3607 2193 3685 membra-

605 3737 671 3810 -nis
694 3735 843 3812 duabus
869 3753 1035 3834 constat,
1068 3738 1168 3815 facili
1200 3740 1353 3841 negotio
1377 3736 1427 3814 ab
1456 3739 1616 3815 invicem
1640 3736 1926 3841 separabilibus.
1993 3742 2078 3834 Qua
2104 3741 2193 3840 qui·
2238 3835 2241 3842 .

613 3864 698 3938 dem
721 3869 955 3968 separatione
976 3867 1116 3963 elucet,
1141 3895 1228 3944 vasa
1252 3867 1477 3960 nutrientia,
1504 3893 1667 3970 quorum
1696 3869 1871 3943 introitus
1894 3875 2062 3970 “puncto
2084 3871 2190 3943 susco

611 3991 829 4068 chalaaino''
852 3989 895 4070 ut
914 4012 1002 4073 sunt
1027 3998 1286 4072 Gaertneri
1320 3992 1456 4088 verba,
1495 4010 1667 4088 notatur,
1701 3997 1739 4070 in
1766 3995 1882 4074 solius
1906 3994 2093 4070 interioris
2118 3991 2190 4070 ha·-

612 4149 697 4197 rum
724 4125 935 4200 tunicarum
961 4124 1158 4228 superficie
1183 4127 1330 4228 spargi,
1354 4136 1579 4200 nontamen
1604 4125 1643 4198 in
1669 4123 1771 4199 illam
1793 4149 1913 4226 usque
1940 4122 2019 4222 ejus
2047 4138 2191 4225 partem

608 4267 825 4354 penetrare,
857 4281 933 4358 qua
955 4253 1243 4357 perispermium
1269 4251 1390 4328 ambit
1405 4251 1634 4358 *embryunis
1659 4252 1879 4348 radiculam,
1905 4249 1972 4327 sed
1996 4249 2050 4326 ihi
2075 4253 2194 4326 innu—

609 4384 721 4459 meris
751 4385 867 4462 ramis
902 4413 949 4460 ac
979 4385 1134 4462 ramulis
1166 4385 1346 4460 flexuosis
1380 4382 1575 4458 terminari
1603 4377 1704 4482 (rig.
1731 4395 1849 4457 nostr.
1870 4384 1960 4482 32).
2026 4381 2136 4458 Hanc
2161 4384 2193 4458 si

609 4527 842 4614 perspectam
865 4513 1073 4592 habeamus
1098 4511 1468 4607 conformationem,
1495 4508 1628 4585 melius
1652 4505 1767 4584 nobis
1791 4505 2039 4609 explicabitur
2066 4524 2193 4585 muta-

609 4637 757 4715 tionum
782 4643 916 4738 series,
944 4668 1045 4747 quae
1065 4642 1155 4718 huic
1181 4633 1262 4717 ovo'
1282 4640 1330 4714 ad
1354 4640 1606 4716 maturitatem
1628 4638 1747 4741 usque
1770 4639 1955 4716 accidunt.
2018 4640 2068 4715 Et
2097 4637 2195 4714 hano

609 4770 762 4868 quidem
785 4771 957 4874 pluribus
980 4769 1121 4850 abhinc
1139 4767 1248 4846 aunis
1266 4769 1419 4871 jamjam
1435 4769 1609 4874 exposuit
1628 4782 1665 4843 et
1691 4765 1870 4844 iconibus
1888 4770 2194 4849 artificiosissime
