4786 5996
1271 568 1560 653 ..43-

613 767 722 850 rulos
752 760 981 842 Sudetorum
999 759 1147 862 alpinos
1170 788 1203 840 v.
1227 787 1257 836 c.
1283 761 1330 837 ad
1352 761 1530 866 scopulos
1552 773 1778 864 praeruptos
1801 763 1977 867 irriguos,
2003 766 2069 867 qui
2087 761 2210 844 lacum

614 926 642 974 s.
668 897 704 972 d.
729 896 917 969 minorem
944 892 1108 992 cingunt.
1172 888 1384 968 Dubitabat
1417 892 1593 996 equidem
1625 890 1700 992 jam
1730 889 2019 990 Villarsius,
2059 923 2150 972 num
2185 925 2208 973 a

614 1024 691 1102 Cb.
717 1020 941 1127 sylvestri
966 1033 1061 1094 esset
1081 1019 1205 1120 specie
1224 1018 1454 1122 sejungenda
1478 1035 1513 1096 et
1535 1043 1666 1102 revera
1677 1015 1727 1092 ab
1749 1015 1829 1116 ejus
1854 1019 2055 1122 vulgatiori
2073 1025 2209 1121 forma,

612 1181 729 1256 quarn
756 1152 875 1254 pingit
902 1146 955 1222 Cl.
988 1149 1148 1244 Hayne
1186 1145 1259 1240 (Pl
1293 1145 1357 1223 off.
1384 1151 1411 1223 Ι.
1436 1166 1461 1225 t.
1481 1149 1570 1248 33.‚)
1604 1175 1685 1221 non
1712 1142 1837 1220 differt
1871 1149 1943 1222 nisi
1970 1150 2074 1226 caule
2099 1167 2207 1228 atro-

616 1277 776 1356 rubente
816 1273 1066 1380 glaberrimo,
1093 1273 1232 1350 foliolis
1256 1280 1406 1354 serratis
1432 1272 1721 1352 decurrentibus
1747 1282 1833 1373 (nec
1857 1278 2102 1413 pinnatifidis,
2128 1280 2209 1360 basi

614 1409 832 1509 truncatis),
856 1401 1090 1482 involucellis
1111 1401 1286 1500 hirsutis,
1310 1404 1460 1509 longius
1486 1397 1655 1480 dtistatis.

729 1574 1146 1682 Chaerophyllum
1182 1604 1372 1654 roseum
1405 1581 1491 1654 ΜΒ
1542 1575 1684 1688 Hujus
1709 1603 1853 1654 meram
1878 1579 2093 1674 ¹uarietatem
2127 1609 2206 1660 esse

614 1713 692 1792 Ch.
727 1707 1051 1788 tenuifolium
1085 1710 1137 1784 St.
1170 1707 1265 1804 (Ch.
1300 1705 1522 1812 millelol.
1556 1708 1695 1784 Cand.
1720 1707 1882 1818 Prpdr.),
1908 1708 1987 1810 ipse
2019 1736 2092 1788 nos
2117 1694 2206 1789 mo-

613 1846 696 1942 nuit
723 1837 779 1917 Cl.
810 1838 1270 1938 Stevcn·cu1qu1dern
1302 1841 1470 1918 varietati
1511 1837 1567 1918 Cl.
1594 1841 1648 1918 Μ.
1676 1833 1985 1914 Bicberstein
2017 1838 2106 1942 (l..c
2141 1843 2206 1916 111.

614 1965 1046 2082 399.)Myrr‡1dem
1082 1967 1375 2044 orientalem
1410 1969 1490 2042 Mei
1520 1965 1621 2051 solio
1640 1965 1782 2042 semine
1814 1960 1920 2042 brevi
1947 1967 2091 2048 Toum.
2119 1971 2205 2052 Cor.

614 2118 676 2188 22
709 2095 811 2173 haud
842 2099 1107 2174 convenienter
1139 2093 1342 2194 subjunxit.
1401 2070 1688 2172 Candollius
1715 2095 1794 2194 (Ma
1798 2121 1845 2168 m
1872 2093 1985 2170 Omb.
2010 2099 2090 2200 62.)
2115 2098 2204 2175 inde

616 2255 761 2306 novum
785 2226 1200 2320 Grammoscia'dii
1233 2248 1351 2323 genus
1385 2224 1563 2298 exstruxit
1600 2239 1636 2298 ct
1669 2226 1747 2300 Gr.
1772 2225 2001 2300 daucoidi
2040 2226 2205 2330 quidem,

616 2385 694 2461 quo
725 2355 880 2431 nomine
922 2352 1058 2428 salutat
1093 2352 1261 2456 plantam
1288 2351 1631 2428 Touruesortii
1668 2349 1795 2449 illam,
1833 2353 2074 2433 involucrum
2112 2359 2206 2433 uni-

615 2484 758 2565 versale
783 2480 915 2557 tribuit
931 2506 955 2554 e
981 2480 1154 2582 pluribus
1179 2483 1319 2560 foliolis
1346 2497 1539 2561 constans:
1565 2507 1638 2558 nos
1663 2495 1791 2557 tamen
1826 2481 1974 2558 nullum
1999 2482 2073 2559 tale
2105 2485 2207 2564 vidi-

616 2641 701 2691 mus
727 2615 768 2688 in
792 2609 996 2712 specimine
1023 2612 1344 2689 Tournefortiano
1377 2613 1502 2688 Musei
1535 2611 1766 2686 Parisiensis.
1821 2609 1919 2686 Folii
1945 2609 2013 2686 ubi
2048 2612 2208 2715 petiolus

616 2738 838 2819 universalis
865 2766 885 2813 e
908 2736 1012 2813 caule
1039 2738 1191 2840 prodit,
1224 2741 1356 2817 foliola
1382 2740 1520 2816 adsunt
1546 2739 1714 2842 quinque
1749 2738 1807 2817 vel
1844 2738 1956 2842 plura
1990 2739 2208 2843 simpliciter

484 2923 488 2932 ·
616 2871 774 2973 pinnata
808 2868 1048 2964 verticillata3
1082 2870 1208 2972 ipsum
1248 2883 1372 2944 autem
1409 2865 1544 2944 folium
1581 2869 1883 2970 decompositum
1919 2880 1975 2942 est
2009 2883 2046 2944 et
2078 2868 2209 2947 foliola

617 3015 695 3078 tam
718 2999 853 3104 primi,
887 3027 1001 3102 quam
1027 3001 1184 3076 secundi
1210 2997 1355 3072 ordinis
1386 2999 1527 3100 pariter
1550 3010 1638 3073 sunt
1662 2992 1880 3076 verticillata
1904 2994 2099 3073 filiformia
2125 2997 2209 3100 gla-

617 3131 698 3208 bra.
748 3129 880 3206 Flores
903 3130 1092 3205 radiantes
1117 3126 1216 3222 albi;
1241 3127 1385 3202 fructus
1411 3123 1596 3228 pedicello
1618 3151 1689 3201 suo
1715 3124 1834 3229 duplo
1859 3124 2033 3227 longior,
2058 3127 2209 3227 magni-

617 3261 749 3336 tudine
786 3259 842 3334 uti
880 3251 1235 3360 Cbaerophylli
1272 3254 1559 3360 sylvestris,
1609 3255 1732 3329 nitore
1772 3267 1923 3350 tamen,
1966 3257 2063 3332 sicut
2096 3257 2207 3332 etiam

616 3390 728 3468 costis
753 3413 798 3464 ac
820 3385 927 3488 pilis,
960 3384 1165 3463 destitutus.

731 3531 1081 3660 Echinophora
1120 3557 1382 3634 tenuifolia
1416 3561 1460 3634 L.
1536 3557 1698 3634 Seminis
1733 3554 1888 3630 nonnisi
1921 3557 2140 3634 inferiorem
2173 3573 2211 3634 et

618 3687 772 3792 quidem
798 3687 859 3766 vix
879 3687 1027 3762 tertiam
1054 3700 1198 3790 partem
1224 3689 1461 3792 receptaculo
1482 3689 1697 3764 immersam
1724 3709 1816 3778 esse,
1842 3684 1947 3785 quod
1972 3667 2081 3760 icone
2105 3684 2208 3787 jam·

617 3817 694 3917 jam
720 3817 899 3922 expressit
923 3818 965 3890 F.
993 3817 1225 3893 Columna
1251 3817 1405 3921 (Ecphr.
1421 3821 1451 3892 1.
1480 3818 1591 3914 101.),
1618 3827 1750 3890 contra
1778 3813 1832 3890 Cl.
1859 3808 2090 3889 Kocbium
2119 3843 2208 3891 mo-

619 3973 776 4042 nemus,
823 3944 888 4047 qui
923 3942 1128 4045 (Deutscbl.
1166 3944 1222 4020 Fl.
1256 3947 1303 4021 11.
1341 3953 1445 4045 465.)
1487 3943 1865 4048 Echinopborae
1901 3945 2103 4018 “fructum
2128 3969 2209 4018 non

618 4074 693 4150 nisi
724 4073 909 4176 superiori
945 4086 1051 4174 parte
1087 4071 1146 4150 vel
1182 4072 1283 4149 collo
1316 4100 1431 4175 snpra
1467 4072 1741 4176 receptaculum
1778 4071 2035 4148 eminentem”
2070 4071 2209 4148 tribuit.

616 4205 661 4278 In
696 4203 741 4278 E.
778 4198 1121 4310 tricbophylla
1146 4216 1273 4276 tamen
1298 4227 1359 4278 res
1384 4229 1464 4280 sese
1489 4200 1628 4295 babet,
1671 4214 1713 4275 ut
1750 4200 1790 4294 in
1828 4201 1871 4274 E.
1897 4199 2120 4304 spinosa,
2157 4202 2209 4278 ita

617 4358 766 4434 nempe,
791 4344 834 4408 ut
857 4327 960 4405 solus
987 4331 1139 4408 seminis
1167 4359 1261 4434 apex
1288 4359 1373 4434 cum
1400 4330 1504 4434 stylis
1531 4331 1693 4410 emineat
1717 4357 1737 4408 e
1763 4327 2027 4432 receptaculo,
2052 4327 2209 4408 bursam

617 4455 824 4561 oblongam
860 4458 1053 4560 spinosam
1080 4460 1178 4536 circa
1204 4465 1369 4539 fructum
1391 4465 1591 4538 formante.

728 4628 1075 4732 Echinophora
1101 4629 1437 4736 trichophylla
1463 4633 1615 4711 Smitb
1639 4636 1701 4732 (R.
1724 4635 1761 4709 S.
1788 4631 2211 4737 Syst.veg.v1.33e)

616 4785 694 4838 una
718 4775 794 4856 est,
833 4759 874 4836 ni
900 4788 1084 4866 perquam
1114 4761 1298 4860 fallimur,
1335 4763 1541 4867 eademque
1578 4760 1706 4864 planta
1742 4789 1829 4838 cum
1867 4755 2210 4836 Anisosciadio
