4786 5996
1252 512 1541 595 ..10-

1329 729 1366 832 5.
1420 727 1460 802 r.

1031 901 1523 980 onerem-*nasson
1558 904 1762 979 nnusro.

713 1113 760 1185 In
794 1100 1064 1182 distribuendis
1096 1101 1136 1176 iu
1176 1127 1313 1202 genera
1345 1102 1602 1179 Umbelliferis
1634 1117 1672 1177 et
1705 1100 1983 1179 characteribus
2017 1101 2186 1203 ipsorum

597 1240 669 1314 rite
694 1233 890 1326 eruendis,
917 1229 1059 1330 optime
1086 1245 1264 1306 monente
1291 1230 1479 1308 Kochio
1514 1234 1683 1334 (Dispos.
1710 1232 1901 1308 Umbellif.
1927 1238 2020 1327 57.),
2055 1226 2186 1303 scdulo

599 1380 655 1442 est
680 1361 985 1454 observandum,
1023 1359 1205 1461 quidnam
1240 1360 1356 1437 cuivis
1378 1363 1586 1462 congeriei,
1613 1360 1764 1463 qualem
1799 1389 1918 1462 genus
1942 1356 2187 1460 adpellamus,

599 1494 819 1598 proprium,
859 1492 974 1593 inque
1002 1490 1087 1592 ipso
1121 1492 1205 1590 (nec
1231 1489 1269 1563 in
1294 1486 1392 1588 aliis)
1417 1507 1595 1567 constans
1621 1491 1688 1564 sit:
1724 1486 1798 1564 hoc
1832 1492 1931 1565 enim
1967 1491 2006 1562 in
2031 1486 2187 1562 diversis

598 1648 708 1723 saepe
736 1621 925 1697 diversum
954 1644 1053 1711 esse,
1084 1644 1172 1710 nec,
1200 1617 1293 1717 quid
1320 1618 1367 1692 sit
1388 1634 1586 1714 constans,
1623 1620 1716 1721 quid
1746 1645 1849 1712 non,
1879 1618 1984 1691 aliter
2006 1616 2078 1690 nisi
2111 1611 2188 1688 ob-

599 1746 809 1825 servatione
835 1748 918 1848 ipsa
942 1745 1066 1819 edisci.
1117 1745 1228 1820 Hisce
1257 1733 1381 1821 tamen
1408 1750 1603 1850 principiis
1624 1750 1811 1850 sapienter
1836 1744 2008 1821 stabilitis
2032 1738 2189 1816 metho-

595 1878 734 1953 dorum
757 1901 831 1977 pro
861 1871 1043 1975 stirpibus
1070 1869 1183 1970 hujus
1210 1877 1356 1952 ordinis
1390 1875 1607 1952 conditores
1633 1903 1712 1950 non
1739 1876 1896 1950 omnino
1927 1870 2193 1948 adhaeserunt.

593 2007 836 2082 Linnaeus
862 1999 1196 2077 Umbelliferarum
1219 2030 1356 2103 genera
1381 2032 1403 2080 a
1430 2003 1484 2082 Cl.
1504 2006 1605 2080 Viris
1628 2003 1746 2102 Rajo
1769 2031 1813 2078 ac
1831 1998 2187 2077 Tournefortio

596 2134 820 2225 constituta,
845 2132 975 2233 paucis
998 2160 1083 2206 cum
1102 2130 1376 2208 mutationibus
1391 2135 1571 2229 servarit,
1598 2133 1765 2233 dumque
1781 2132 1917 2206 radicis
1941 2158 1985 2204 ac
2006 2128 2186 2234 foliorum

594 2264 780 2358 formam,
814 2262 916 2336 succi
949 2260 1058 2350 lactei
1083 2262 1354 2363 praesentiam,
1390 2261 1603 2363 similesque
1630 2261 1841 2337 excluderet
1862 2274 1971 2334 notas
1997 2285 2041 2332 ex
2067 2252 2185 2331 herba

594 2392 751 2492 petitas,
784 2388 1002 2484 involucra,
1039 2390 1219 2480 suadente
1252 2391 1477 2487 Artedio,
1504 2391 1611 2490 jussit
1647 2391 1786 2467 intrare
1819 2389 2080 2465 characterem.
2113 2391 2186 2468 *Ut

590 2545 710 2619 porro
737 2515 1005 2620 Philosophiae
1029 2515 1227 2593 botanicae
1261 2521 1399 2594 canoni
1425 2521 1539 2595 nimis
1564 2519 1769 2596 universali
1790 2520 2038 2608 satisfaceret,
2076 2515 2182 2591 floris

591 2647 737 2722 formae
763 2644 848 2750 plus
874 2644 1008 2722 tribuit
1033 2645 1236 2747 dignitatis,
1263 2675 1377 2749 quam
1403 2649 1553 2742 fructui,
1578 2651 1629 2724 ita
1650 2646 1804 2749 quidem
1829 2661 1870 2720 ut
1896 2643 1985 2720 huic
2010 2645 2183 2720 ultimum

592 2776 690 2852 inter
712 2801 893 2877 generum
917 2789 1027 2849 notas
1048 2772 1175 2850 locum
1203 2777 1419 2877 assignaret.
1471 2779 1631 2870 Quantis
1657 2792 1782 2852 autem
1808 2772 1955 2849 laboret
1979 2771 2071 2848 haec
2097 2800 2182 2848 me-

590 2902 732 2980 thodus
755 2900 1037 2978 infirmitatibus
1064 2915 1101 2974 et
1126 2905 1257 3004 quanti
1284 2906 1409 3006 itaque
1437 2905 1600 3000 intersit,
1626 2921 1670 2981 ut
1691 2905 1889 2983 involucro
1916 2930 1995 2979 non
2019 2903 2093 2978 nisi
2119 2904 2181 2979 in-

588 3033 705 3107 ferior
731 3035 828 3108 inter
853 3057 1033 3131 generum
1065 3045 1173 3106 notas
1197 3030 1305 3108 locus
1333 3030 1540 3126 tribuatur,
1574 3039 1656 3109 fuse
1683 3034 1848 3110 ostendit
1872 3031 1928 3106 Ill.
1949 3033 2180 3107 Cranzius

527 3187 531 3199 ·
588 3160 721 3260 (Class.
740 3156 932 3235 Umbellif.
950 3158 1096 3235 emend.
1111 3160 1151 3234 in
1172 3161 1314 3261 praef).
1366 3163 1594 3264 sapientiori
1610 3165 1736 3265 itaque
1754 3161 1913 3237 consilio
1931 3165 1954 3234 J
1964 3162 2180 3237 ussiaeus

590 3290 702 3386 (Gen.
731 3289 847 3391 plant
870 3288 973 3387 252.)
1007 3286 1208 3387 primarios
1234 3287 1363 3362 docuit
1390 3290 1429 3363 in
1456 3288 1702 3392 dispositione
1730 3288 2060 3388 Umbelliferarum
2086 3286 2182 3362 cha-

588 3431 749 3494 racteres
775 3417 962 3512 efracto,
988 3414 1232 3491 secundarios
1253 3442 1274 3487 e
1299 3415 1435 3519 calyce,
1462 3418 1617 3512 corolla,
1644 3417 1849 3496 involucris
1876 3425 2058 3518 petendos
2084 3431 2179 3492 ‘esset

588 3544 679 3618 darc
722 3546 822 3622 enim
863 3544 1060 3623 involucra
1099 3543 1227 3644 plures
1273 3545 1428 3646 quidem
1467 3563 1577 3622 notas
1616 3546 1786 3641 fallaces,
1838 3543 2020 3648 quasdam
2053 3535 2178 3622 lamen

587 3670 746 3766 solidas,
784 3672 832 3746 de
864 3703 942 3777 quo
975 3690 1163 3751 caeterum
1197 3672 1279 3748 sola
1317 3700 1388 3746 nos
1421 3678 1540 3775 possit
1570 3677 1726 3752 edocere
1749 3673 1974 3778 'plantarum
2010 3677 2177 3776 ipsarum

588 3800 716 3876 sedula
742 3802 935 3904 inspectio.
1005 3808 1100 3878 Jos.
1139 3805 1438 3878 Gaertnerus
1464 3802 1552 3878 hinc
1577 3807 1761 3880 seminum
1787 3810 1930 3881 formas
1956 3807 2176 3897 accuratius,

587 3955 701 4029 quam
727 3956 750 4046 a
774 3932 991 4006 Linnaeo
1017 3933 1157 4006 sactum
1182 3933 1327 4024 fuerat,
1354 3932 1637 4032 comparando,
1660 3947 1768 4008 cauta
1792 3960 1907 4009 manu
1932 3962 2033 4012 nora
2055 3961 2176 4038 quae-

587 4056 675 4132 dam
716 4083 852 4158 genera
893 4087 971 4136 non
1017 4074 1093 4135 tam
1140 4063 1334 4156 condidit,
1386 4089 1500 4163 quam
1537 4061 1663 4162 potius
1701 4063 1869 4136 restituit.
1929 4065 2075 4138 Rursus
2120 4060 2174 4136 Cl.

587 4186 909 4287 Sprengelius
947 4189 1153 4268 involucris
1193 4190 1352 4264 nimium
1387 4190 1537 4286 tribuit,
1577 4192 1667 4266 dum
1701 4207 1788 4292 post
1816 4194 1982 4267 fructum
2011 4193 2060 4267 ad
2092 4193 2174 4294 ipsa

584 4311 721 4389 “velut
746 4315 794 4389 ad
816 4316 1074 4392 secundariam
1102 4345 1275 4394 normam
1287 4329 1308 4362 ”
1329 4319 1548 4421 respiceret,
1589 4322 1834 4423 “petalorum
1861 4336 1986 4396 autem
2011 4323 2172 4396 formam

584 4439 694 4517 nihili
718 4443 795 4518 fere
822 4446 861 4520 in
887 4444 961 4522 hoc
984 4447 1116 4521 ordine
1141 4443 1355 4521 habendam
1385 4460 1494 4522 esse'’
1521 4466 1689 4526 censeret
1712 4451 1859 4552 (Prodr.
1885 4451 1980 4551 disp.
2007 4449 2172 4524 Umbel-

583 4568 634 4644 lif.
660 4570 701 4645 in
728 4599 923 4672 praemon.
945 4583 1061 4671 7.‚8.).
1113 4577 1146 4650 Ε
1174 4579 1364 4652 contrario
1392 4576 1446 4653 Cl.
1464 4578 1531 4653 Vir
1556 4581 1587 4652 J.
1603 4581 1646 4654 Ε.
1665 4577 1915 4672 smithius,
1940 4577 2025 4654 licet
2050 4579 2090 4654 in
2115 4576 2170 4652 ΡΙ.

585 4699 802 4777 Britannica
834 4705 999 4806 primum
1032 4705 1176 4780 edenda
1210 4705 1404 4809 principiis
1441 4707 1668 4783 Linnaeanis
1698 4705 1944 4802 adhaesisset,
1976 4708 2016 4782 in
2043 4707 2171 4784 noris-
