4786 5996
1230 553 1519 638 ..40-
1635 517 1659 556 ’

577 753 629 826 ita
659 745 826 850 quidem,
853 761 894 822 ut
920 745 1077 822 laciniae
1102 745 1193 820 istae
1219 744 1418 822 videantur
1444 744 1602 820 totidem
1627 744 1759 824 foliola
1789 748 1939 825 minora
1967 747 2173 826 verticille-

576 881 644 955 tim
668 875 862 978 disposita.
925 873 1092 950 Petiolos
1124 871 1205 947 solii
1235 885 1311 946 tam
1345 870 1588 968 universalis,
1629 900 1744 974 quam
1778 875 1966 978 partialis,
1991 877 2175 978 triqueter

577 1023 651 1103 est,
678 1004 818 1108 angulo
843 1031 1020 1107 supremo
1046 997 1252 1078 seeundum
1279 996 1555 1102 longitudinem
1578 1000 1685 1080 sulco
1713 1017 1875 1080 exarato.
1927 1002 2176 1081 lnrolucrum

577 1150 779 1236 utrumque
802 1131 1087 1236 pentaphyllum
1114 1127 1402 1225 brevissimum,
1426 1129 1568 1206 foliolis
1603 1127 1751 1238 obtusis
1790 1133 1947 1208 reflexis.
2008 1133 2176 1210 Umbel-

578 1261 676 1337 lulae
703 1258 803 1335 radii
837 1259 1073 1361 longitudine
1107 1257 1251 1331 fructus
1288 1255 1430 1354 adulti,
1468 1263 1536 1363 qui
1568 1271 1626 1336 est
1660 1257 1817 1334 omniuo
1854 1257 2059 1338 Ferulae
2094 1264 2118 1339 i.
2143 1291 2174 1340 e.

579 1389 983 1491 compressu-planus
1018 1386 1223 1490 ellipticus‚
1265 1385 1436 1490 margine
1474 1386 1598 1485 alato,
1636 1389 1754 1467 dorso
1797 1387 1904 1467 lineis
1935 1392 2085 1497 aliquot
2115 1396 2175 1474 vix

555 1621 557 1626 ι
581 1519 812 1623 conspicuis*
831 1531 976 1594 notato.

662 1785 668 1798 ,
701 1697 992 1776 Heracleum
1017 1693 1231 1776 lanatum
1254 1699 1398 1776 Micb.
1419 1698 1548 1803 quoad
1589 1689 1797 1800 specimina
1827 1729 1872 1777 ex
1897 1703 2073 1780 America
2112 1732 2177 1782 se-

586 1823 835 1934 ptentrionali
860 1825 995 1920 missa,
1019 1826 1145 1900 lruet'u
1168 1841 1295 1902 umen
1321 1827 1519 1919 destituta,
1549 1829 1769 1927 neutiquam
1792 1828 1919 1906 differt
1949 1829 1999 1906 ab
2025 1834 2071 1905 tt.
2095 1861 2177 1944 py-

582 1957 785 2036 renaico
818 1957 943 2032 Lam.
974 1981 1040 2030 seu
1067 1954 1196 2056 potius
1226 1951 1290 2050 illa
1319 1955 1438 2056 ipsius
1461 1953 1661 2047 varietate,
1688 1981 1804 2057 quam
1827 1955 1901 2032 sub
1933 1960 1980 2033 Η.
2010 1957 2179 2035 villosi

584 2085 741 2166 nomine
768 2080 825 2160 (ΙΙ.
849 2081 1047 2158 Fischer
1070 2085 1283 2184 proposuit
1333 2063 1651 2184 Sprengelius
1675 2087 1788 2187 (Syst
1810 2089 1903 2188 Veg.
1939 2085 1997 2160 ed.
2023 2091 2123 2164 XVI.
2148 2091 2198 2164 1..

584 2223 691 2315 912.)
715 2213 813 2292 illud
846 2213 962 2288 refert
982 2209 1033 2286 ad
1057 2212 1163 2288 Hen
1187 2213 1399 2288 Panaces
1420 2215 1480 2306 L„
1506 2237 1604 2315 quae
1636 2210 1764 2313 planta
1798 2213 1958 2290 Srhiriae
1992 2218 2176 2317 perquam

459 2366 460 2373 κ
584 2343 700 2422 dubia
737 2354 774 2416 ει
814 2336 1022 2415 secundum
1056 2364 1120 2431 ea,
1161 2365 1259 2442 quae
1290 2341 1527 2418 Sterenus
1555 2341 1657 2439 (Act
1695 2342 1815 2416 Mosc.
1840 2346 1923 2419 Vll.
1950 2347 2030 2445 71·)
2052 2345 2178 2444 habet,

584 2473 684 2546 sorte
707 2467 757 2546 ab
782 2468 887 2543 Her.
911 2466 1183 2571 Spondylio
1208 2469 1252 2544 L.
1277 2495 1358 2545 nou
1388 2467 1652 2570 distinguenda
1687 2481 1751 2543 est
1794 2521 1797 2528 -

698 2661 984 2742 Heracleum
1010 2660 1410 2744 absinthilolium
1436 2668 1571 2742 Vent.
1597 2669 1820 2768 (Zosimia
1846 2672 2044 2772 nosen),
2097 2673 2177 2749 Sub

567 2773 659 2872 hoc
689 2791 846 2869 nomine
878 2789 925 2868 in¹
954 2787 1012 2868 Pl
1053 2793 1220 2870 Graecae
1256 2809 1395 2886 ΗΜ.
1430 2793 1626 2872 exhibetur
1664 2795 1815 2900 planta,
1857 2825 1955 2901 quae
1993 2801 2033 2874 in
2074 2799 2180 2899 ejus-

581 2921 674 3000 dem
703 2921 831 3026 operis
861 2921 1078 2998 Prodromo
1112 2925 1157 3022 (1.
1182 2927 1285 3028 669.)
1309 2923 1382 3004 sub
1408 2952 1513 3007 noro
1546 2927 1704 3002 nomine
1728 2929 1774 3001 H.
1795 2928 2058 3004 tomentosi
2081 2957 2180 3031 pro-

584 3053 709 3158 posita
740 3054 873 3130 luerat.
923 3050 1110 3126 Distincta
1131 3065 1257 3156 tamen
1282 3067 1454 3148 serretur
1478 3054 1519 3130 iu
1545 3056 1643 3160 Syst
1666 3057 1759 3155 Veg.
1785 3055 1872 3130 edit
1897 3055 2178 3158 Sprengeliana‚

588 3182 706 3286 idque
738 3178 1000 3284 potissimum,
1033 3180 1088 3254 uti
1123 3180 1293 3280 videtur,
1331 3179 1384 3258 oh
1421 3183 1535 3260 flores
1567 3180 1697 3278 albos,
1734 3181 1865 3285 quales
1899 3183 1971 3286 ipsi
2008 3183 2180 3262 tribuunt

585 3326 663 3388 tam
703 3309 925 3410 descriptio,
963 3333 1078 3425 quam
1103 3310 1213 3384 icon:
1239 3338 1326 3387 cum
1352 3311 1483 3415 planta
1510 3309 1569 3387 Pl,
1597 3313 1711 3386 Taur.
1735 3312 1979 3408 Caucasicae,
2010 3304 2124 3416 quam
2157 3342 2178 3390 e

586 3429 794 3520 seminibus
819 3427 975 3514 Ibericis
1001 3436 1073 3552 ipsi
1099 3436 1297 3546 coluimus,
1322 3438 1481 3516 floribus
1504 3438 1666 3540 gaudeat
1687 3453 1901 3516 constanter
1933 3442 2053 3520 flavis.
2104 3441 2179 3520 Sed

587 3568 742 3649 caeteris
767 3563 1077 3648 convenientibus
1102 3550 1303 3680 utramque
1319 3569 1476 3674 stirpem
1497 3567 1602 3648 haud
1626 3572 1875 3674 separandam
1894 3593 1974 3644 cese
1992 3584 2178 3674 putamus.

698 3760 982 3846 Heracleum
1009 3767 1317 3845 aureum'bm.
1354 3769 1507 3866 (Prode.
1538 3768 1595 3846 Fl.
1632 3772 1768 3845 Graec.
1795 3769 1825 3840 1.
1848 3771 1934 3855 670.
1959 3781 1996 3842 et
2028 3768 2083 3842 ΡΙ.
2109 3771 2174 3844 Gr.

587 3902 732 3994 t282.)
772 3894 821 3971 ad
871 3895 1177 3972 Pastiuacam
1215 3895 1676 3999 pimpinellifoliam
1713 3929 1751 3979 α.
1790 3897 1845 3969 Μ.
1871 3897 1914 3970 Β.
1952 3895 2024 3992 (ΙΊ.
2062 3899 2175 3973 Taur.

588 4025 701 4100 Cauc.
725 4025 754 4099 1.
787 4022 910 4120 237),
935 4021 1126 4098 Heracl.
1157 4020 1338 4104 humile
1368 4026 1446 4100 Sm.
1476 4024 1516 4128 (l.
1541 4053 1572 4104 c.
1598 4027 1701 4127 670.)
1727 4038 1851 4100 autem
1883 4021 1932 4097 ad
1956 4020 2074 4120 ejusd.
2098 4050 2173 4100 rar.

585 4147 678 4248 sti.
703 4158 736 4225 c.
757 4153 1007 4244 memoratam
1028 4137 1230 4262 referaturss
1266 4151 1354 4235 licet
1378 4149 1529 4230 obstare
1552 4154 1750 4233 videantur
1773 4156 1887 4230 flores
1915 4148 2053 4246 albidi,
2078 4176 2176 4257 qua-

585 4265 643 4354 le‘s'¹
670 4255 904 4356 Heracleo
936 4277 1108 4394 humili
1134 4308 1158 4359 a
1188 4265 1565 4390 Smitbimlors'an
1586 4309 1632 4359 ex
1657 4267 1891 4390 inspectione
1913 4271 2032 4405 siccae
2060 4276 2177 4382 plan·-

586 4420 667 4503 tae,
699 4394 929 4519 tribuuntur.
1159 4399 1163 4407 ⁸
1293 4407 1297 4416 '
1650 4401 1656 4410 ’
1851 4389 1854 4398 ’
1895 4376 1914 4412 ¹*
2139 4384 2144 4410 ¹

636 4662 638 4670 ,
678 4570 991 4678 'Heracleum
1034 4529 1434 4694 aueua't'rfolium.
1462 4595 1518 4670 M.
1556 4590 1737 4694 esther
1770 4529 1929 4677 Lm¹
1966 4586 2177 4668 Weudia

587 4713 935 4838 Cl¹¹9¹0d³fflttn
971 4724 1040 4808 111·
1067 4723 1175 4823 228)
1203 4746 1307 4798 nunc
1346 4719 1642 4812 ‘canuerant
1669 4719 1919 4798 austriaco
1957 4719 2002 4792 L.
2033 4712 2179 4805 collatis
