4786 5996
865 611 924 628 ..
983 564 1035 652 11
1096 611 1154 628 ...

219 761 313 838 sinis
346 777 473 840 tamen
502 763 668 840 editione
704 763 787 862 ipss
803 755 1006 856 'desernit,
1048 775 1158 836 notas
1193 783 1238 836 ex
1272 757 1472 836 involucro
1505 755 1641 860 pitits's
1667 786 1688 835 e
1714 759 1812 837 ebs-

219 892 426 969 racterihus
447 876 629 994 genesicis
656 892 815 967 omnino
841 885 1061 964 excludens:
1090 887 1191 962 idem
1214 889 1382 962 lecerunt
1409 887 1464 964 Cl.
1490 889 1573 962 Viri
1599 886 1813 964 Kochius

222 1035 258 1096 et
284 1019 586 1096 Candollius.
637 1024 723 1094 Hoc
753 1016 826 1094 sub
866 1017 1038 1092 dissensu
1072 1015 1321 1118 scriptorum,
1347 1009 1436 1090 'tam
1468 1016 1658 1118 praeteriti
1698 1043 1813 1120 quam

220 1148 342 1224 nostri
367 1147 481 1223 seculi
506 1145 859 1240 celeberrimorum,
883 1159 1057 1220 naturam
1081 1155 1123 1216 ut
1149 1141 1370 1218 fidissimam
1394 1142 1530 1218 ducem
1552 1171 1755 1248 sequamur
1777 1161 1815 1222 et

221 1275 399 1376 neglectis
428 1276 534 1350 lloris
567 1301 612 1349 ae
645 1275 788 1348 leuchus
822 1269 1039 1346 differentiis
1073 1269 1185 1344 nimis
1220 1267 1445 1364 subtilibus,
1490 1297 1651 1372 quarum
1688 1277 1814 1354 intro·-

220 1403 397 1480 ductione
420 1403 497 1482 cet
513 1402 836 1480 Hoffmannus
861 1397 1195 1512 Umbellilefarum
1218 1424 1355 1498 genero
1374 1397 1474 1498 justo
1495 1401 1656 1480 nimium
1673 1404 1812 1482 multi·-

223 1531 397 1633 plicavit,
452 1530 649 1634 principali
688 1557 776 1606 cnm
825 1526 882 1602 ΙΙΙ.
913 1526 1538 1608 ,Mars'chall-Biebersteiu
1583 1532 1661 1632 (ΓΙ.
1697 1537 1810 1610 Taur.

224 1663 380 1742 Causas.
405 1661 435 1744 Ι,
464 1663 552 1758 ΙΙΙ.)
576 1659 682 1736 floris
706 1659 925 1759 fructusque
950 1671 1120 1761 respectu
1145 1655 1296 1752 habito,
1327 1670 1453 1732 mmen
1476 1657 1672 1772 involucra
1698 1663 1809 1739 etiam

222 1789 262 1864 in
305 1785 584 1866 characteribus
629 1815 812 1888 generum
854 1787 1030 1862 eruendis
1071 1811 1152 1860 non
1196 1781 1451 1884 negligamus,
1507 1811 1645 1883 genera
1685 1801 1809 1866 autem

223 1917 543 1994 Tournesortiano
575 1941 620 1991 ac
646 1915 886 2012 Linuaeana,
918 1913 1035 2016 longo
1061 1941 1133 1990 usu
1159 1914 1321 2006 sancita,
1354 1925 1537 2016 quantum
1563 1912 1657 1990 fieri·
1670 1929 1809 2016 potest,

222 2069 424 2128 servemus.

336 2305 451 2406 Quod
476 2311 524 2388 ad
550 2312 695 2389 ordinis
721 2312 839 2389 totius
866 2311 1091 2391 divisionem
1119 2317 1160 2390 in
1185 2313 1368 2390 sectiones
1393 2313 1544 2406 attinet,
1573 2305 1646 2386 sub
1670 2305 1809 2411 quibus

224 2462 293 2512 ceu
324 2439 466 2514 vexillis
491 2443 628 2540 genera
653 2455 813 2542 possunt
840 2444 1016 2542 congeri,
1048 2437 1189 2544 duplici
1224 2442 1264 2518 in
1299 2441 1373 2517 hoc
1405 2441 1558 2542 negotio
1593 2466 1813 2542 processum

224 2579 280 2638 est
307 2566 376 2642 via.
426 2545 497 2641 Vel
522 2568 622 2642 enim
648 2569 856 2644 meandum
883 2568 1049 2670 singulas
1074 2584 1186 2646 notas
1211 2595 1232 2644 e
1258 2569 1545 2646 fructificatione
1572 2570 1727 2671 petitas,
1753 2565 1811 2646 vel

225 2691 436 2767 secuudum
466 2690 636 2770 habitum
666 2697 764 2770 sacta
790 2710 846 2773 est
881 2692 1107 2774 distributio.
1160 2697 1547 2772 Tournesortius
1582 2693 1814 2772 Umbelliie-

228 2843 356 2894 rarum
397 2845 537 2922 genera
574 2821 614 2898 in
655 2838 821 2900 catervas
853 2823 1042 2928 disposuit
1084 2824 1293 2902 secondum
1325 2824 1451 2902 varias
1483 2824 1636 2900 seminis
1670 2827 1814 2902 formas

227 2944 361 3044 (instit
392 2949 446 3022 rei
477 2945 584 3024 herb.
610 2947 735 3050 304),
763 2953 1011 3030 Linnaeus
1037 2969 1183 3049 sutem,
1220 2953 1317 3030 duce
1341 2952 1567 3047 Artedio,
1606 2950 1814 3027 secundum

224 3075 473 3172 praesentiam
495 3075 553 3154 rel
574 3077 781 3158 absentiam
803 3082 989 3162 involucri
1009 3085 1222 3186 utriusque,
1248 3080 1307 3160 rel
1328 3081 1481 3158 alterius
1501 3093 1668 3176 tantum3
1699 3107 1813 3186 quem

225 3200 373 3300 sequuti
417 3218 504 3277 sunt
549 3209 828 3308 dussiaeus,
882 3212 1121 3291 smithius
1167 3209 1316 3314 aliique.
1387 3213 1532 3288 Rursus
1579 3211 1814 3290 Grunnius

224 3325 431 3402 secundum
457 3330 620 3410 sormam
651 3339 804 3415 seminis
829 3355 1020 3418 externam
1046 3345 1087 3417 in
1111 3355 1198 3416 octo
1221 3341 1406 3418 sectiones
1429 3339 1634 3445 dispescuit
1653 3337 1817 3416 Umbel-
1945 3367 1964 3382 ·

227 3451 353 3530 literas
382 3455 436 3554 (l,
457 3459 528 3558 c),
563 3463 761 3569 eidemque
795 3469 985 3572 principio
1014 3470 1187 3546 innititur
1219 3469 1375 3562 divisio,
1414 3493 1489 3572 qua
1525 3470 1567 3544 in
1600 3469 1815 3546 Prodromo

202 3583 572 3684 ‘Sprengelium
604 3593 644 3668 in
678 3594 1011 3674 Umbellileromm
1043 3595 1245 3700 generibus
1276 3597 1717 3704 Hoffmaunuskin
1741 3622 1817 3674 no-

195 3711 380 3791 ·vissima
413 3730 538 3792 sutem
569 3719 624 3796 ΡΙ.
654 3725 891 3800 Britannicae
924 3725 1089 3802 editione
1123 3721 1384 3824 smithius,
1417 3729 1475 3802 usi
1494 3739 1595 3811 sunt
1647 3722 1733 3799 Alia
1756 3738 1819 3800 ta-

226 3865 314 3916 men
348 3842 407 3918 via
437 3842 669 3925 incesserunt
698 3849 760 3926 alii
789 3852 845 3928 Cl.
871 3853 975 3947 Viri,
1013 3880 1177 3956 quocum
1204 3879 1340 3956 agmen
1366 3854 1469 3930 ducit
1493 3855 1817 3931 Adansonius.

228 3969 425 4072 Disposuit
447 3975 548 4050 enim
572 3993 707 4054 cuncta
729 3977 843 4078 hujus
865 3980 1010 4058 ordinis
1035 4009 1183 4084 genera·
1197 3982 1237 4058 in
1261 3995 1349 4058 octo
1371 3983 1540 4058 minores
1565 3983 1686 4083 qnasi.
1709 3981 1820 4058 ordi·-

230 4119 318 4191 nes,
357 4123 521 4198 quorum
558 4103 708 4206 singulo
750 4133 891 4184 nomen
926 4110 1073 4209 generis
1112 4112 1150 4184 in
1184 4110 1269 4212 ipso
1303 4110 1567 4215 comprehensi
1603 4107 1821 4212 principalis

229 4224 410 4326 imposuit
439 4229 568 4322 (Fam.
602 4232 668 4310 des
699 4231 900 4336 plantes),
937 4235 1012 4312 hoc
1042 4237 1127 4338 ipso
1160 4237 1395 4338 significans,
1435 4237 1662 4342 peculiarem
1701 4239 1818 4342 ipsius

217 4347 401 4428 ‚habitum
447 4355 486 4430 in
528 4360 682 4434 caeteris
725 4358 800 4436 boe
854 4361 926 4438 suh
969 4362 1105 4442 vexillo
1149 4363 1397 4444 militantibus
1439 4368 1610 4444 similiter
1651 4367 1818 4470 reperiri.

231 4477 353 4553 Simul
391 4481 508 4558 cuivis
537 4485 694 4560 sectioni
726 4485 978 4566 characterem
1015 4492 1215 4594 imposuit,
1253 4497 1492 4596 potissimum
1526 4525 1578 4576 ex
1604 4497 1820 4590 involucris,

231 4618 309 4680 tum
350 4621 473 4684 sutem
515 4637 536 4686 e
575 4613 681 4690 floris
723 4615 850 4692 colore
893 4621 1113 4722 fructusque
1160 4625 1283 4698 lorma
1325 4625 1455 4728 aliquo
1491 4624 1610 4701 modo
1652 4623 1820 4724 petitum.

232 4733 356 4828 Quam
403 4764 540 4842 parum
575 4754 702 4820 tamen
746 4741 817 4822 hac
855 4743 1058 4845 methodo,
1102 4775 1198 4854 quac
1234 4779 1357 4854 neque
1394 4752 1575 4830 naturalis
1610 4769 1688 4848 est,
1731 4757 1822 4836 dnm

1245 4876 1314 4952 2.
