4786 5996
854 499 1142 610 ..57-

200 724 329 828 potius
355 721 486 800 eadem
511 703 694 802 videntur
709 697 952 821 membrana,
985 725 1052 806 sed
1081 723 1121 798 in
1138 717 1550 800 'direrroerolutionis
1575 721 1697 829 gradu
1721 730 1799 808 ob-

203 847 619 981 serrata.11Ndmerua
656 851 783 953 itaque
814 854 983 956 ipsarum
1015 852 1047 928 ei
1082 841 1186 946 tatii,
1229 851 1380 954 qualem
1416 853 1471 931 Ci.
1493 855 1563 930 vir
1586 864 1799 963 proposuit,

201 979 344 1057 nimius
375 979 541 1074 videtur,
575 979 663 1054 inda
693 977 805 1056 etiam
832 979 1009 1084 colligere
1031 981 1137 1078 lieet,
1168 1007 1282 1084 quam
1309 1005 1445 1082 pamm
1468 984 1637 1081 nomine,
1658 1015 1799 1068 seeun-

170 1183 177 1194 ,
204 1108 298 1185 dum
323 1097 433 1184 h'une'
450 1131 653 1184 numerum
677 1101 877 1210 imposita,
902 1108 1153 1188 distinctionis
1179 1134 1298 1211 eeopo
1315 1107 1561 1188 sntiefdoiaut:
1590 1141 1677 1194 eum
1696 1124 1797 1200 enirn

203 1258 287 1314 noo
311 1231 445 1314 ornate
469 1228 582 1324 airnui
596 1252 835 1341 appareant,
859 1262 939 1315 nec·
954 1267 1141 1342 quaenam
1166 1265 1211 1314 ea
1235 1238 1296 1332 ait,
1322 1237 1436 1340 qua'm
1453 1265 1585 1317 eoram
1601 1241 1799 1344 babemus,
1881 1230 1884 1238 ,

203 1366 317 1444 hane'
342 1369 395 1446 ob
410 1387 413 1394 ’
429 1391 580 1446 caueam
616 1367 726 1444 liceat
761 1368 1030 1464 determinare,
1077 1391 1157 1444 non
1177 1375 1315 1468 'potest
1356 1363 1464 1442 aliter
1498 1367 1599 1466 fieri,
1649 1375 1723 1452 niei
1757 1394 1799 1456 ut

204 1497 422 1602 saepissime
456 1487 605 1572 tertiam
625 1517 708 1599 'pro
743 1510 906 1600 quarta,
928 1513 1109 1599 'quartam
1144 1523 1217 1600 pro
1247 1495 1402 1597 quinta,
1440 1497 1562 1576 etsie
1587 1497 1698 1580 aliam
1723 1530 1797 1608 pro

202 1619 297 1719 alia,
326 1622 542 1702 babeamus.
598 1623 812 1702 suademus
835 1625 952 1726 igitur
974 1640 1012 1701 et
1037 1625 1304 1718 obscuramus,
1336 1639 1378 1698 ut
1405 1623 1460 1700 CL
1484 1625 1573 1721 Vir,
1606 1631 1672 1706 cui·
1693 1646 1798 1711 tanta

203 1751 301 1827 cirea
331 1778 447 1832 orum
475 1745 679 1858 vegetabile
706 1754 851 1830 detecta
875 1743 1080 1849 debemus,
1121 1750 1211 1827 buic
1233 1751 1429 1828 recondito
1454 1765 1611 1831 naturae
1636 1761 1797 1840 artificio
1918 1803 1924 1816 ·

204 1880 437 1960 enucleando
469 1888 625 1962 iteruin·
641 1887 813 1962 animum
838 1877 1028 1984 triplicare
1047 1895 1090 1956 et
1114 1881 1154 1956 in
1180 1877 1418 1983 cingulorum
1444 1878 1797 1981 phaenomenorum

200 2011 380 2088 transitur
404 2013 515 2091 'altius
538 1997 838 2119 'inpditere'non
859 2011 1101 2114 defatigetur,
1127 2009 1251 2084 ruint
1272 2007 1336 2084 alii
1361 2015 1517 2114 quoq'nc
1532 2009 1796 2104 ob'aerratorea

200 2127 359 2238 operam
394 2167 503 2220 auam
535 2145 762 2249 adjungant,
795 2129 1035 2226 vehementer
1058 2135 1354 2212 desiderandum
1386 2152 1452 2216 eet.
1518 2143 1674 2222 Interim
1704 2173 1796 2230 vero

71 2311 72 2314 =
200 2264 304 2344 dum·
319 2267 393 2348 hoc
418 2273 503 2368 fiat,
528 2272 638 2350 lice'at
662 2272 778 2350 nobie
796 2276 838 2354 in
863 2271 937 2348 illie
959 2265 1193 2372 aliquantum
1213 2269 1455 2370 permanete,
1483 2272 1641 2373 quaein
1662 2270 1796 2352 ultima

200 2410 331 2474 nostra
357 2405 673 2478 commentatione
699 2403 800 2479 circa
822 2401 885 2477 ovi
909 2395 1126 2500 vegetabilis
1151 2394 1404 2474 evolutionem
1431 2399 1636 2493 censimus,
1662 2414 1700 2476 et
1722 2401 1796 2477 ad-

201 2522 331 2624 hibitis
359 2529 491 2603 iisdem
518 2531 683 2631 partium
710 2523 1083 2604 denominationibus
1109 2550 1173 2620 ea,
1208 2549 1305 2625 quae
1332 2524 1372 2597 in
1389 2524 1538 2626 'plantis
1564 2524 1795 2628 quibuedam

203 2649 512 2750 observavimus,
542 2655 691 2759 plenius
723 2681 842 2760 quam
873 2654 961 2731 loro
991 2653 1053 2734 rix
1078 2665 1310 2745 memorato,
1344 2649 1412 2728 ubi
1434 2651 1608 2732 brevitati
1632 2639 1818 2734 nimium·

202 2783 362 2859 studere·
381 2771 570 2888 oportuit,
600 2775 824 2889 exponere,
872 2813 917 2862 ae
940 2783 1071 2888 figuris
1102 2755 1353 2886 qbibusdam,
1388 2809 1504 2860 mann
1537 2784 1670 2862 noetr'a
1701 2787 1794 2863 artic

202 2912 362 3012 experti,
395 2913 540 2992 ruditer
563 2913 741 3018 quidem,
771 2910 840 2994 aed
864 2913 941 2994 fide
966 2913 1145 3011 exaratis,
1172 2909 1370 2988 illuatrare.
1515 2945 1520 2975 ε

955 3262 965 3282 .
1019 3203 1061 3281 2.

559 3205 1012 3457 sentententia,
1053 3355 1437 3475 HEDYCHIUM.

313 3545 722 3625 Scitu'niinear'nm
758 3545 877 3642 ordo,
919 3544 1041 3647 qualia
1080 3539 1130 3622 ab
1164 3545 1211 3618 A.
1245 3545 1289 3618 L.
1314 3543 1541 3620 Juaeiaco
1567 3542 1792 3620 constitutus

198 3687 273 3768 eet,
305 3701 392 3752 eum
423 3701 562 3779 genera
595 3673 894 3778 comprehendat
917 3671 1058 3775 'quoad
1093 3684 1318 3748 structuram
1332 3670 1497 3748 ¹ceminio
1524 3697 1606 3746 non
1632 3671 1791 3748 omnino

200 3805 298 3878 inter
322 3829 362 3880 ee
386 3807 651 3908 congruentia,
691 3805 780 3900 inde
807 3806 1041 3892 Cannam,
1076 3801 1371 3895 Marantam,
1402 3795 1621 3882 Thaliam
1645 3797 1792 3902 aliaque

198 3957 337 4034 genera
370 3935 557 4037 quaedam
583 3932 774 4036 separarit
797 3928 1044 4030 Ropbertua
1068 3931 1266 4024 Brown,
1298 3929 1457 4030 ipsaque
1483 3927 1515 4002 C
1524 3949 1790 4008 aurearum

197 4059 309 4136 titulo
335 4063 552 4166 complexus
574 4074 640 4136 eat
691 4057 857 4136 Nueleua
882 4059 985 4136 enim
1010 4059 1050 4134 in
1073 4057 1245 4161 priorum
1270 4057 1433 4152 semine,
1458 4067 1607 4158 praeter
1633 4052 1790 4158 embry·

200 4188 314 4268 onem
341 4205 378 4266 et
401 4189 549 4294 duplici
570 4199 719 4264 constat
743 4184 954 4265 aubstantia
990 4185 1198 4287 (Gaertn.
1231 4183 1279 4260 de
1305 4185 1476 4261 fruct-'et
1498 4207 1590 4260 aem.
1617 4183 1645 4258 t
1677 4197 1701 4260 t.
1730 4201 1789 4270 12.

200 4321 310 4398 Conf.
341 4320 455 4394 etiem
492 4319 555 4421 fig.
581 4332 700 4393 nostr.
722 4335 757 4404 u.
788 4314 861 4419 3.),
905 4337 1068 4416 quarum
1103 4310 1184 4408 itta,
1221 4337 1318 4414 quae
1345 4309 1593 4417 embryonem
1618 4319 1788 4414 proxime

198 4445 343 4542 ambit,
373 4443 787 4547 cornone-gelatinoaa
811 4459 850 4520 et
868 4441 1008 4520 celeria
1034 4464 1054 4518 e
1079 4441 1190 4520 viridi
1214 4441 1449 4519 flavescentia
1474 4454 1553 4534 eet,
1574 4438 1690 4515 altera
1715 4467 1788 4517 au-

197 4591 296 4670 tern,
310 4601 441 4680 'eaque
462 4576 581 4678 priori
606 4575 852 4669 circumfusa,
885 4571 1052 4649 colorem
1073 4567 1228 4646 exhibet
1251 4549 1508 4662 albissimum,
1537 4564 1786 4646 substantiam

197 4729 372 4781 carneam
395 4717 431 4780 et
454 4719 639 4804 texturam
665 4701 953 4806 quodammodo
975 4699 1180 4797 fibroaam,
1205 4698 1311 4776 fibris
1338 4710 1508 4772 centrum
1531 4722 1661 4774 rereua
1686 4725 1784 4776 eon-

1408 4823 1435 4900 8
