4786 5996
825 539 1114 620 *79-

174 747 264 815 sunt
295 759 360 827 ea,
411 757 508 836 quae
544 729 600 807 de.
628 732 811 806 Taceae
853 725 1185 832 pinnatifidae
1227 725 1502 829 germinatione
1533 729 1690 806 tradidit
1723 743 1761 804 et

61 857 68 872 ’
174 862 304 964 figuris
337 859 523 941 illustrare
560 860 717 936 annisus
755 872 811 934 est
848 856 904 936 cl.
934 857 1005 934 vir
1037 855 1226 934 Aubert
1263 857 1325 932 du
1358 838 1760 938 Petit-Thduars

173 975 454 1089 (Germination
480 991 527 1068 de
550 985 733 1092 quelques
759 984 1147 1088 Monocotyle'dones3
1184 987 1309 1062 Nouv.
1331 984 1425 1062 Bull.
1448 985 1484 1061 d.
1509 985 1532 1060 l.
1559 989 1645 1064 Soc.
1668 987 1764 1091 phi-

173 1121 329 1204 lomath.
357 1139 468 1212 1803
500 1104 786 1214 Decd251sfig.
810 1112 875 1214 ὴ).
939 1115 1070 1191 Primo
1102 1112 1190 1196 loco
1223 1115 1324 1190 enim
1359 1115 1534 1216 vaginam
1562 1119 1670 1200 icone
1693 1145 1764 1194 ex-

174 1251 328 1352 primit,
366 1250 468 1329 unde
501 1249 683 1351 primum·
703 1241 839 1328 folium
871 1240 1021 1342 prodit,
1067 1271 1185 1346 eaque
1216 1243 1344 1318 sedem
1378 1271 1486 1320 suam
1518 1245 1618 1322 circa
1652 1243 1763 1322 basin

171 1376 315 1478 petioli
334 1393 423 1480 post
458 1371 823 1480 plenariamadhue
852 1369 1001 1446 obtinet
1033 1371 1115 1446 folii
1149 1373 1447 1475 explicationem.
1506 1372 1637 1451 Talem
1670 1400 1762 1454 vero

169 1502 287 1592 nobis
311 1506 485 1608 equidem
512 1531 711 1607 nunquam
734 1502 840 1578 licuit
864 1499 1168 1588 animadvertere.
1232 1505 1354 1578 Porro
1381 1501 1437 1578 Cl.
1462 1503 1531 1578 Vir
1556 1515 1683 1602 putat,
1722 1517 1763 1579 se

168 1630 413 1728 observasse,
447 1633 744 1738 cotyledonem„
760 1631 860 1734 *dum
887 1627 1011 1704 adhuc
1033 1629 1132 1705 intra
1153 1631 1306 1706 seminis
1329 1628 1489 1706 claustra
1514 1625 1664 1721 haeret,
1702 1627 1762 1704 vel

171 1763 285 1838 ctiam
318 1763 608 1865 perispermium
641 1760 790 1863 ipsum,
827 1759 869 1834 io
894 1755 1004 1832 tuber
1034 1754 1129 1832 illud
1163 1757 1408 1854 intumuisse,
1444 1757 1547 1835 unde
1571 1754 1761 1832 radiculae

169 1889 374 1990 prodeunt
426 1894 569 1968 Verum
594 1889 677 1965 talis
704 1885 958 1990 cotyledonis,
993 1883 1052 1962 vel
1073 1887 1333 1988 perispermii,
1366 1887 1425 1964 vel
1454 1887 1650 1986 utriusque
1674 1911 1763 1960 me-

169 2015 449 2120 tamorphosis,
476 2019 583 2117 eujus
608 2013 705 2093 nihil
728 2013 849 2091 simile
874 2015 914 2090 in
940 2039 1058 2114 regno
1085 2013 1282 2114 vegetabili
1309 2015 1450 2110 existit,
1481 2011 1762 2092 observationi-

169 2145 248 2234 bus
279 2149 418 2228 nostris
457 2173 573 2248 supra
608 2143 787 2246 expositis
823 2142 963 2243 pariter
995 2155 1051 2218 est
1087 2143 1275 2222 contraria
1307 2155 1343 2218 et
1376 2142 1456 2244 ipse
1490 2139 1588 2218 Clar.
1615 2143 1761 2218 Auctor

168 2271 298 2350 dubia
319 2275 417 2352 circa
444 2273 543 2353 banc
570 2299 678 2358 suam
710 2267 1014 2350 observationem
1041 2271 1127 2366 alit,
1167 2271 1307 2375 quibus
1339 2285 1376 2377 et
1408 2299 1477 2348 sna
1504 2269 1609 2346 addit
1636 2269 1691 2348 cl.
1713 2272 1760 2346 lt.

168 2405 446 2498 Bcownius,
479 2404 529 2478 ita
556 2401 733 2504 quidem,
765 2412 809 2474 ut
834 2397 884 2474 ab
912 2399 1049 2476 iterato
1075 2401 1244 2476 examine
1268 2397 1392 2478 solum
1419 2399 1628 2506 pleniorem
1647 2397 1760 2478 ,istius
1811 2377 1832 2492 ¹,

168 2532 225 2606 rei
254 2530 563 2608 dilucidationem
589 2541 765 2632 expectet

247 2657 410 2736 Tuberis
432 2671 620 2744 caeterum
645 2654 777 2751 adulti,
804 2653 908 2757 quod
925 2651 1197 2754 subglobosam
1217 2655 1404 2759 simulque
1423 2657 1639 2758 depressam
1655 2655 1758 2758 figu-

166 2813 251 2862 ram
273 2785 398 2883 babet,
424 2784 622 2888 singularis
648 2785 905 2886 reproductio‚
931 2802 1028 2885 quae
1049 2784 1205 2886 singulis
1230 2786 1340 2862 aunis
1364 2784 1615 2862 declinantem
1642 2811 1759 2886 vege·
1836 2881 1840 2893 .

169 2915 364 2992 tationem.
379 2917 715 3015 comitaturzatque
742 2915 894 3011 claudit,
919 2914 1045 2992 notari
1070 2928 1242 2994 meretur.
1301 2915 1335 2988 E
1360 2915 1487 2989 medio
1512 2915 1620 2990 faciei
1645 2941 1762 3016 supe·

165 3042 289 3128 rioris
307 3069 429 3144 prope
462 3041 612 3138 locum,
651 3043 751 3118 unde
768 3043 870 3120 ¹solia
895 3026 1008 3145 atque
1034 3038 1222 3119 radiculae
1244 3055 1371 3120 ortum
1397 3042 1561 3137 ducunt,
1598 3069 1757 3145 proees-

162 3195 232 3246 sus
258 3169 378 3246 tenuis
404 3169 632 3273 cylindricus
657 3171 886 3273 semipedem
914 3169 1073 3245 et'ultra
1098 3168 1254 3270 longus,
1273 3173 1387 3245 ‘recta
1409 3169 1618 3264 descendit,
1652 3170 1758 3271 cujus

161 3313 377 3375 extremum
399 3296 437 3370 in
464 3293 583 3374 simile
610 3295 742 3392 tuber,
785 3325 899 3402 quam
924 3297 1037 3392 illud,
1071 3297 1170 3370 unde
1193 3298 1353 3392 exierat,
1379 3298 1515 3372 sensim
1543 3295 1639 3373 abit:
1679 3325 1757 3401 quo

159 3429 272 3504 facto
307 3424 506 3525 antiquum
535 3423 646 3505 tuber
678 3426 893 3521 marcescit,
931 3453 1131 3502 exsuccum
1166 3425 1211 3499 fit
1242 3443 1286 3500 ac
1312 3425 1464 3509 tandem
1496 3433 1644 3502 anexu'
1668 3453 1756 3502 cum

158 3579 350 3659 proeesse
388 3551 453 3638 illo
489 3551 657 3640 solvitun
727 3557 882 3632 Novum
920 3567 1046 3632 autem
1082 3549 1159 3628 hoc
1190 3551 1309 3634 modo
1346 3554 1551 3630 formatum
1587 3555 1757 3657 sequenti

160 3709 274 3760 anno
300 3680 509 3776 radiculas,
551 3681 644 3768 solia
674 3684 883 3784 floremque
917 3682 1071 3774 emittit,
1117 3693 1249 3781 postea
1280 3679 1440 3756 similem
1472 3683 1759 3762 innovationem

157 3809 383 3894 subiturum
403 3824 440 3886 et
463 3809 537 3891 boc
561 3809 715 3913 quidem
738 3809 856 3886 modo
882 3836 969 3887 eum
995 3806 1114 3886 bulbo
1140 3823 1346 3910 squamoso
1372 3825 1409 3886 et
1433 3810 1582 3908 solido,
1606 3779 1776 3915 qualem*

159 3937 346 4042 Tulipa
375 3953 411 4015 et
439 3937 718 4018 Colchicum
744 3933 904 4035 habeut,
937 3964 1095 4042 prorsus
1120 3939 1307 4015 convenit.
1392 3958 1395 3968 ·

899 4161 935 4258 s.
990 4159 1031 4234 e.

607 4313 1273 4391 an1svonocn1a

285 4465 342 4539 De
366 4461 475 4558 sede,
518 4489 633 4564 quam
665 4459 1001 4538 Aristolochia
1042 4463 1081 4538 iu
1113 4462 1359 4564 dispositione
1389 4489 1567 4564 generum
1594 4465 1754 4540 naturali

153 4593 329 4687 obtinet,
356 4592 560 4668 etiamnum
585 4589 791 4667 dubitatur.
840 4593 864 4665 J
871 4593 1091 4668 ussiacus
1116 4591 1168 4667 ita
1195 4595 1432 4695 pronunciat:
1458 4590 1621 4688 adjectas
1647 4606 1755 4669 antea

147 4718 545 4824 Monocotyledoneis
573 4719 939 4798 Aristolochias
969 4749 1091 4820 nunc,
1129 4721 1374 4798 determinata
1407 4721 1577 4823 ipsorum
1610 4724 1755 4824 germi-
