4786 5996
1234 551 1572 670 aaa-⁴

698 743 962 844 Angelicae
1014 739 1408 841 Archangelicae
1453 745 1498 818 L.
1533 744 1698 820 nomine
1745 739 1842 818 duce
1892 711 2181 845 a'quibusdam

584 873 822 972 (Millero,
858 869 1056 964 hiatio,
1089 869 1558 971 Wahlenbergio)‚si
1591 898 1670 946 non
1702 873 1859 973 species,
1891 871 2023 948 saltem
2057 873 2183 948 varie·
2282 907 2294 924 ν

585 1018 679 1080 tates
716 999 987 1102 comprehendi
1027 1000 1223 1094 dicuntur3
1261 1025 1424 1100 quorum
1452 997 1568 1073 allera
1595 1000 1713 1076 sativa
1743 1026 1789 1075 ac
1809 999 1997 1076 hortensis
2021 997 2183 1076 floribus

587 1129 702 1224 albis,
730 1126 868 1220 altera,
890 1153 993 1227 ,quae
1019 1126 1191 1226 regiones
1215 1114 1387 1202 boreales
1415 1125 1636 1229 alpinasque
1660 1126 1812 1223 incolat,
1839 1128 1972 1230 petalis
1998 1126 2183 1211 viridibus

588 1261 637 1338 sit
660 1260 863 1350 instructa3
896 1267 934 1326 et
955 1255 1061 1354 prior
1087 1251 1240 1355 quidem
1268 1277 1290 1326 a
1324 1251 1381 1328 Cl.
1420 1230 1605 1330 Friesio
1639 1255 1782 1350 (Novit
1811 1254 1868 1336 Fl.
1903 1259 2011 1333 Suec.
2037 1257 2095 1334 ed.
2121 1259 2182 1336 alt.

585 1393 662 1486 80.)
689 1382 853 1488 Angel.
877 1377 1096 1456 litoralis
1128 1379 1320 1460 salutatur.
1371 1382 1453 1459 Nos
1479 1378 1886 1485 Archangelicam
1911 1382 2070 1487 legimus
2104 1403 2182 1502 tam

586 1517 634 1592 ad
661 1517 780 1592 fossas
806 1515 1021 1587 Ducatuum
1059 1510 1273 1586 Bremensis
1302 1536 1347 1592 ac
1368 1509 1657 1612 Megapolitani‚
1681 1507 1749 1585 ubi
1772 1536 1795 1585 a
1819 1510 1902 1588 sola
1926 1529 2062 1592 natura
2084 1545 2182 1618 pro.

585 1658 766 1748 pagatur,
793 1665 908 1741 quarn
936 1637 1045 1738 quasi
1070 1652 1317 1738 spontaneam
1341 1637 1444 1713 baud
1469 1636 1605 1740 procul
1631 1638 1921 1718 monticolarum
1947 1645 2107 1745 tuguriis
2131 1647 2180 1722 ad

585 1771 727 1847 rivulos
753 1766 965 1870 subalpinis
983 1767 1217 1842 ‘Sudetorum
1243 1765 1414 1842 Silesiae:
1448 1779 1573 1841 tamen
1593 1757 1686 1841 haec
1718 1795 1843 1871 neque
1874 1770 2087 1872 petalorum
2110 1801 2180 1850 co-

584 1899 685 1991 lore,
726 1923 849 1997 neque
883 1896 965 1971 aliis
1005 1896 1106 1970 notis
1151 1893 1269 1994 magis
1309 1893 1567 1970 essentialibus
1611 1891 1812 1970 recedebat
1854 1894 1904 1970 ab
1945 1900 2180 2002 Angelica

585 2029 757 2104 sativa.
783 2067 836 2084 -
869 2024 1030 2100 Pariter
1048 2025 1108 2098 isti
1145 2024 1304 2114 nimium
1330 2023 1547 2126 propinqua
1581 2023 1728 2098 videtur
1753 2022 1920 2124 Angel.
1953 2040 2180 2132 atropur-

584 2181 738 2258 purea
773 2154 832 2245 L.,
860 2135 1011 2254 qualem
1042 2152 1136 2226 sistit
1167 2152 1302 2226 eximia
1327 2151 1532 2227 Cornuti
1562 2150 1648 2224 icon
1670 2151 1832 2244 (Canad.
1856 2167 1882 2228 t
1907 2161 2023 2254 199),
2058 2183 2182 2260 neque

530 2297 535 2303 '
586 2287 700 2359 otiam
730 2279 910 2358 differunt
935 2278 1085 2380 plantae
1111 2293 1187 2352 tam
1208 2277 1309 2352 horti
1333 2275 1412 2352 bot.
1437 2275 1709 2372 Berolinensis,
1736 2305 1851 2380 quam
1892 2264 2180 2390 Phytopbylacii

585 2409 902 2486 Willdenoriani.
969 2406 1178 2481 Fatendum
1220 2419 1347 2478 tamen
1385 2418 1460 2496 est,
1516 2401 1769 2507 descriptione
1804 2410 1846 2484 in
1884 2413 1949 2512 Sp.
1996 2411 2047 2514 pl.
2087 2415 2179 2489 stirss·

585 2565 681 2642 pern
706 2531 920 2634 indignari,
952 2555 1028 2610 tam
1054 2533 1274 2608 soliolorum
1300 2535 1446 2628 forma,
1478 2514 1592 2633 quam
1617 2533 1830 2636 petalorum
1856 2538 1985 2615 colore
2018 2537 2067 2616 ab
2092 2543 2179 2618 Ar-

519 2707 521 2712 ·
585 2663 864 2766 changeliea
906 2661 1151 2740 differentem.
1249 2669 1268 2696 ’·
1371 2763 1375 2774 Ι

698 2921 934 3023 Angelica
973 2921 1233 3028 sylvestris
1265 2925 1311 2998 L.
1375 2922 1499 3022 Hujus
1526 2923 1686 3000 varietas
1709 2921 1913 3000 floribusc
1947 2925 2058 3006 viridi
2089 2955 2178 3006 sor·-
2290 2981 2307 3011 1

583 3051 671 3130 dide
692 3052 953 3128 flaricantibus
973 3067 1029 3128 est
1054 3055 1099 3128 A.
1124 3055 1327 3132 flavescens
1348 3055 1448 3127 Besc.
1475 3050 1604 3148 Prim.‚
1630 3078 1745 3153 quam
1771 3052 1967 3156 quondam
1994 3055 2177 3133 coluimus

584 3208 604 3256 e
631 3153 839 3255 seminibus
869 3182 1025 3254 nomine
1067 3169 1335 3284 Imperatoriae
1360 3179 1578 3258 ruthenicae
1605 3209 1650 3258 ex
1676 3181 1790 3257 horto
1816 3179 1946 3258 botan.
1972 3183 2178 3266 Vindobo-

582 3308 691 3383 nen'si
717 3307 852 3382 missis.
878 3351 931 3366 -
956 3307 1122 3382 Petiolus
1148 3308 1327 3384 loliorum
1351 3301 1817 3390 radicatium'universalis
1852 3309 1985 3386 subtus
2016 3310 2178 3414 angula·

585 3455 667 3533 tus,
694 3465 809 3540 supra
837 3435 1023 3530 sulcatus,
1051 3435 1117 3536 qui
1149 3437 1188 3512 in
1215 3441 1314 3540 Ang.
1349 3436 1497 3515 Razulii
1530 3438 1577 3511 G.
1604 3451 1700 3514 teres
1732 3438 1875 3542 absque
1901 3437 2013 3515 sulcis
2040 3455 2078 3514 et
2105 3468 2176 3518 an-

583 3571 699 3672 gulis3
744 3571 782 3643 in
823 3564 955 3666 Angel.
989 3565 1154 3665 pratensi
1194 3569 1247 3640 Μ.
1274 3569 1315 3642 Β.
1352 3567 1615 3667 (Imperatoria
1657 3565 1814 3667 palustri
1858 3572 1959 3646 Bess.
2003 3571 2196 3648 Osterico'

582 3695 743 3794 llollm.)
761 3709 884 3772 autern
908 3697 1086 3797 triqueter
1104 3709 1171 3786 est,
1194 3691 1307 3768 latere
1325 3694 1711 3798 superioriconcaro‚
1734 3699 1888 3774 caeteris
1905 3715 2028 3798 autem
2046 3698 2176 3801 planis.

695 3939 928 4039 Angelius
954 3933 1148 4013 llazul'ii
1171 3937 1272 4012 Gou.
1322 3937 1422 4012 Hinc
1443 3936 1605 4039 plurima
1627 3965 1848 4044 synonyma,
1870 3969 1967 4046 quae
1995 3945 2173 4044 Spren-

583 4067 745 4171 gelius
772 4066 826 4140 illi
853 4066 1067 4164 subjunxit,
1094 4061 1323 4140 removenda
1352 4080 1449 4142 sunt.
1512 4068 1641 4142 Primo
1668 4069 1765 4144 enim
1794 4071 1921 4146 Panax
1957 4069 2082 4171 alpina
2109 4085 2174 4150 etc.

583 4198 694 4270 Bocc.
721 4196 820 4267 Mus.
847 4207 871 4267 t.
888 4213 951 4291 99.
987 4220 1083 4294 quae
1113 4195 1151 4268 in
1190 4206 1291 4267 textu
1317 4189 1428 4291 bujus
1461 4196 1587 4298 operis
1619 4213 1703 4282 141.
1737 4197 2046 4302 “Spbondylium
2071 4195 2174 4273 mul-

582 4325 691 4400 tifido
718 4322 811 4400 solio
840 4321 1038 4422 alpinum”
1066 4321 1189 4416 audit,
1215 4323 1328 4426 inque
1360 4325 1414 4399 M.
1440 4325 1592 4410 Cenisio
1625 4352 1821 4399 occurrere
1847 4326 2004 4424 ‹licitur‚
2038 4317 2125 4406 tam‘
2143 4330 2173 4404 si

583 4481 726 4529 nomen
760 4480 803 4528 ac
826 4455 998 4554 figuram,
1027 4478 1139 4552 quarn
1166 4453 1196 4526 si
1225 4451 1350 4527 locum
1374 4452 1534 4526 natalem
1562 4452 1765 4554 respicias,
1797 4456 1928 4555 nequit
1954 4481 2036 4530 esse
2059 4462 2173 4556 Aug.

582 4579 778 4656 Ilazulii
801 4585 848 4656 G.
873 4581 1010 4681 etipse
1034 4581 1266 4654 Gouanus
1294 4582 1340 4654 de
1366 4578 1441 4654 boc
1466 4607 1678 4684 synonymo
1704 4579 1876 4656 dubitare
1898 4584 2056 4658 videtur.
2106 4587 2175 4662 Est

581 4709 733 4810 potius,
759 4710 829 4786 nisi
858 4709 1041 4804 fallimur,
1070 4707 1291 4784 Heraclei
1316 4707 1610 4811 Spbondylii
1644 4711 1801 4786 varietas
1825 4712 2003 4789 soliorum
2030 4709 2174 4788 laciniis
