4786 5996
846 547 1137 630 ..ss5...

200 739 503 847 Lysimachia
530 737 682 841 capsula
709 740 899 818 indecem
927 741 1054 820 valvam
1081 765 1148 816 sua
1174 749 1308 839 sponte
1338 737 1495 812 secedat.
1547 737 1616 812 Itis
1638 730 1794 834 exposi-·
1824 837 1828 844 ι

160 929 167 940 .
200 873 249 948 tis
281 871 451 974 sequenti
485 871 632 946 videtur
656 869 774 944 modo
800 867 1142 974 Lysimachiae
1168 867 1311 942 hactus
1339 865 1592 942 definiendus:
1631 857 1794 962 Capsnla

203 995 363 1100 globosa
388 995 632 1072 unilocnlaris
653 997 961 1144 quinqpecaivis,
992 993 1200 1072 seminibus
1220 994 1425 1098 angulatis,
1451 989 1683 1094 receptaculo
1701 1013 1794 1060 cen-

203 1123 287 1200 traii
318 1121 482 1227 globoso
518 1126 650 1200 saroso
685 1123 977 1200 semiimmersis.

319 1325 382 1404 Ob
415 1327 574 1404 eandem
605 1326 779 1432 capsulae
811 1331 974 1414 sormam
1002 1354 1045 1402 ac
1070 1323 1288 1404 dehiscendi
1314 1327 1496 1421 modurn,
1531 1350 1600 1398 nec
1626 1299 1703 1394 non
1731 1342 1795 1390 sc-

204 1455 308 1530 mina
342 1482 502 1560 prorsus
542 1455 712 1534 similiter
751 1461 988 1533 conformata
1019 1471 1132 1560 atque
1167 1458 1306 1534 inserta
1337 1452 1647 1534 convenientibus
1682 1433 1794 1523 simul

202 1580 336 1686 calycis
359 1583 598 1691 corollaeque
624 1591 769 1683 forma,
800 1587 1079 1688 staminumqne
1109 1585 1338 1679 insertione,
1372 1585 1419 1661 ad
1455 1577 1792 1688 Lysimachiae

204 1737 322 1811 genus
352 1713 548 1790 reserenda
581 1729 637 1792 est
667 1715 877 1792 Lubinia
910 1729 1273 1818 atropurpurea
1306 1717 1352 1790 H.
1387 1713 1544 1788 Berol.
1580 1707 1727 1814 (Link
1758 1719 1794 1778 et

201 1833 314 1918 Otto
336 1841 387 1946 pl.
415 1843 480 1920 sel.
513 1841 550 1920 h.
577 1841 803 1929 boten-01.
830 1847 967 1944 t.27.),
1001 1860 1037 1921 at
1063 1858 1185 1948 potest
1209 1847 1260 1922 ita
1284 1842 1452 1918 definiri:
1486 1833 1797 1944 Lysimachia

203 1973 408 2070 (nutans)
433 1997 583 2048 reccmo
608 1971 797 2060 terminali
824 1971 992 2049 solitario
1018 1988 1194 2069 nutante,
1221 1969 1445 2048 staminibus
1470 1967 1612 2045 corolla
1638 1965 1795 2066 longio-

204 2095 322 2172 ribus.
374 2096 528 2175 'I'ribuit
550 2098 605 2174 itti
632 2099 688 2176 Cl.
721 2101 925 2178 Linkius
951 2103 1106 2206 quidem
1137 2101 1320 2178 corollam
1350 2097 1566 2175 tubulosam
1593 2107 1630 2170 et
1654 2117 1794 2194 capsu-

200 2225 277 2301 lam
303 2226 498 2321 conicam,
530 2229 618 2322 sed,
658 2231 775 2304 modo
802 2257 887 2306 eum
914 2247 1049 2311 natura
1073 2233 1194 2334 magis
1221 2226 1481 2318 convenienti,
1515 2221 1569 2298 iil.
1604 2217 1795 2296 Hoote-
1888 2219 1890 2226 ’

202 2381 301 2451 rus,
323 2352 409 2429 licet
431 2355 552 2458 ipsam
576 2353 649 2432 sub
671 2383 832 2433 erroneo
855 2361 1032 2463 Lysim.
1054 2375 1435 2462 atropurpureae
1460 2355 1504 2428 L.
1522 2349 1676 2426 nontine
1698 2373 1792 2448 pro-

201 2498 322 2586 ponat
346 2485 472 2586 (Exot.
496 2487 654 2588 Botany.
682 2484 748 2560 111.
775 2499 800 2560 t.
820 2491 939 2588 180),
965 2488 1148 2564 corollam
1174 2486 1252 2587 ejus
1279 2498 1389 2564 vocat
1408 2483 1448 2558 in
1471 2478 1625 2560 lacinias
1652 2488 1792 2550 erectas

203 2612 379 2716 quinque
415 2613 613 2714 partitam:
646 2615 789 2690 fructus
822 2631 947 2694 autem
978 2615 1154 2692 Lintio
1180 2641 1259 2692 non
1287 2613 1433 2693 videtur
1466 2609 1581 2685 fuisse
1605 2604 1792 2706 cognitus,

201 2743 273 2818 nisi
299 2743 545 2837 immaturus,
571 2767 658 2818 curn
686 2741 733 2816 de
757 2743 874 2845 ipsius
898 2743 1117 2822 dehiscendi
1142 2743 1259 2820 modo
1287 2765 1443 2846 prorsus
1470 2735 1587 2816 sileat.

315 2928 355 3004 Si
382 2927 507 3030 itaque
532 2928 668 3030 stirps,
693 2926 740 3004 de
759 2955 834 3034 qua
858 2929 976 3010 modo
998 2929 1114 3010 verba
1139 2929 1318 3026 fecimus,
1349 2927 1398 3004 ad
1425 2923 1684 3002 Lubiniarn
1709 2941 1790 2994 non

200 3059 338 3162 poterit
363 3058 515 3150 referri,
548 3056 737 3158 siquidem
765 3055 854 3134 huic
878 3059 1005 3159 generi
1030 3086 1075 3138 ex
1100 3059 1156 3138 CI.
1183 3057 1475 3136 Ventenatio
1500 3051 1650 3149 (Plant.
1675 3073 1789 3126 nour.

200 3187 253 3278 du
280 3187 402 3287 jardin
430 3185 477 3262 de
505 3183 601 3262 Cels.
617 3191 697 3284 96.)
728 3189 910 3288 competit
930 3187 1073 3265 corolla
1095 3185 1296 3279 tnbulosa,
1330 3185 1435 3283 cujus
1455 3187 1567 3258 tubus
1592 3205 1678 3256 eum
1702 3177 1789 3252 fila-

199 3315 336 3390 mentis
375 3314 423 3388 ad
457 3339 589 3388 eorum
620 3315 787 3390 medinm
815 3341 936 3418 usque
961 3330 1168 3409 connatus,
1202 3313 1308 3412 cujus
1336 3328 1460 3389 autern
1488 3306 1629 3385 limbus
1652 3305 1787 3410 planus

200 3455 257 3516 est
280 3455 317 3516 et
340 3439 653 3544 subinaeqnalis,
676 3469 719 3518 ex
756 3442 871 3520 altera
896 3457 1002 3547 parte
1026 3437 1233 3520 admodum
1258 3467 1401 3518 errasse
1426 3439 1574 3518 videtur
1599 3437 1791 3514 Hooke-

201 3595 301 3664 rus,
332 3569 426 3645 dum
450 3566 620 3672 plantam
638 3585 809 3648 nostram
831 3573 989 3650 eandem
1010 3572 1210 3648 faciteam
1235 3565 1538 3676 Lysimachia
1563 3581 1788 3670 atropnr-

201 3723 346 3798 parea
372 3701 415 3774 L.
441 3699 607 3776 Orientis
632 3699 778 3794 incola,
795 3697 911 3799 eujus
937 3702 1081 3804 optima
1104 3701 1332 3804 specimina,
1354 3701 1538 3803 Smyrnae
1563 3696 1602 3772 in
1626 3693 1788 3770 dometis

201 3849 223 3900 a
247 3824 527 3902 Fleischero
563 3825 676 3918 lecta,
711 3843 747 3904 et
768 3825 951 3908 benevole
976 3829 1273 3924 communicata,
1303 3826 1418 3904 nobis
1452 3826 1502 3902 ad
1528 3851 1663 3900 manus
1688 3837 1787 3912 nant,

199 3980 286 4028 cum
325 3953 576 4057 descriptione
617 3959 838 4050 Linnaei,
877 3983 947 4032 nec
984 3955 1274 4034 non'iconibus
1314 3959 1455 4058 Casp.
1493 3951 1786 4030 Commelini

199 4095 313 4184 atque
339 4079 621 4187 Sibthorpii
647 4087 817 4187 apprime
842 4085 1113 4162 convenientia.
1165 4087 1266 4162 Haec
1292 4081 1467 4160 animab
1493 4079 1556 4158 itta
1582 4079 1695 4182 longa
1722 4107 1786 4154 re·
1847 4147 1850 4152 .

199 4210 317 4286 cedit:
345 4211 471 4286 radice
495 4213 656 4316 simplici
682 4213 810 4290 bienni
834 4211 1136 4315 perpendieuiari
1162 4211 1220 4294 vet
1241 4210 1419 4316 obliqua,
1443 4213 1684 4318 necperenni
1700 4227 1787 4288 sto-

75 4382 81 4404 i
201 4337 380 4434 ionifera3
417 4335 518 4418 foliis
543 4341 696 4420 alternis
721 4343 780 4420 ael
805 4341 945 4445 sparsis
974 4337 1293 4444 pubescentibus,
1337 4343 1506 4444 margine
1531 4337 1786 4418 denticulato·
1877 4345 1882 4352 '

200 4469 351 4570 crispis,
385 4495 454 4544 nec
488 4472 673 4572 oppositis
704 4471 761 4549 sel
795 4471 911 4546 ternis
908 4469 1067 4584 planis
1100 4471 1336 4574 glaberrimis
1362 4469 1632 4570 integerrimis,
1672 4465 1784 4567 spicis
1821 4524 1824 4538 .

201 4601 333 4674 erectis
366 4599 588 4702 plerumque
613 4583 805 4704 pluribus,
842 4627 912 4676 nec
938 4599 1051 4676 unica
1081 4627 1238 4698 cernua;
1269 4597 1429 4676 floribus
1460 4595 1676 4696 sessilibcs,
1712 4621 1783 4672 nec
1817 4643 1819 4648 .

196 4725 467 4828 pedunculatis
