<?xml version="1.0" encoding="UTF-8"?>
<!DOCTYPE html PUBLIC "-//W3C//DTD XHTML 1.0 Transitional//EN"
    "http://www.w3.org/TR/xhtml1/DTD/xhtml1-transitional.dtd">
<html xmlns="http://www.w3.org/1999/xhtml" xml:lang="en" lang="en">
 <head>
  <title>
</title>
<meta http-equiv="Content-Type" content="text/html;charset=utf-8" />
  <meta name='ocr-system' content='tesseract 3.04.00' />
  <meta name='ocr-capabilities' content='ocr_page ocr_carea ocr_par ocr_line ocrx_word'/>
</head>
<body>
  <div class='ocr_page' id='page_1' title='image "./symbolarumphyto00trevgoog_0101.png"; bbox 0 0 4786 5996; ppageno 0'>
   <div class='ocr_carea' id='block_1_1' title="bbox 1259 487 1548 569">
    <p class='ocr_par' dir='ltr' id='par_1_1' title="bbox 1259 487 1548 569">
     <span class='ocr_line' id='line_1_1' title="bbox 1259 487 1548 569; baseline 0 -19"><span class='ocrx_word' id='word_1_1' title='bbox 1259 487 1548 569; x_wconf 78' lang='lat'><strong>...82-</strong></span> 
     </span>
    </p>
   </div>
   <div class='ocr_carea' id='block_1_2' title="bbox 556 677 2305 2198">
    <p class='ocr_par' dir='ltr' id='par_1_2' title="bbox 556 677 2305 2198">
     <span class='ocr_line' id='line_1_2' title="bbox 622 677 2196 786; baseline -0.003 -22"><span class='ocrx_word' id='word_1_2' title='bbox 622 692 721 784; x_wconf 90' lang='lat' dir='ltr'><strong>lum‚</strong></span> <span class='ocrx_word' id='word_1_3' title='bbox 746 686 851 784; x_wconf 85' lang='lat' dir='ltr'><strong>eujus</strong></span> <span class='ocrx_word' id='word_1_4' title='bbox 876 684 1021 786; x_wconf 81' lang='lat' dir='ltr'>apicem</span> <span class='ocrx_word' id='word_1_5' title='bbox 1042 682 1209 760; x_wconf 89' lang='lat' dir='ltr'><strong>radicula</strong></span> <span class='ocrx_word' id='word_1_6' title='bbox 1229 682 1360 756; x_wconf 90' lang='lat' dir='ltr'><strong>conica</strong></span> <span class='ocrx_word' id='word_1_7' title='bbox 1387 680 1551 775; x_wconf 87' lang='lat' dir='ltr'><strong>obtinet,</strong></span> <span class='ocrx_word' id='word_1_8' title='bbox 1584 677 1767 756; x_wconf 89' lang='lat' dir='ltr'><strong>limitibus</strong></span> <span class='ocrx_word' id='word_1_9' title='bbox 1787 681 1884 755; x_wconf 92' lang='lat' dir='ltr'><strong>inter</strong></span> <span class='ocrx_word' id='word_1_10' title='bbox 1909 681 2020 756; x_wconf 88' lang='lat' dir='ltr'><strong>istam</strong></span> <span class='ocrx_word' id='word_1_11' title='bbox 2048 697 2084 756; x_wconf 89' lang='lat' dir='ltr'><strong>et</strong></span> <span class='ocrx_word' id='word_1_12' title='bbox 2110 710 2196 759; x_wconf 89' lang='lat' dir='ltr'><strong>ror-</strong></span> 
     </span>
     <span class='ocr_line' id='line_1_3' title="bbox 623 808 2202 920; baseline -0.004 -27"><span class='ocrx_word' id='word_1_13' title='bbox 623 843 695 920; x_wconf 89' lang='lat' dir='ltr'><strong>pus</strong></span> <span class='ocrx_word' id='word_1_14' title='bbox 729 812 947 919; x_wconf 85' lang='lat' dir='ltr'><strong>embryonis</strong></span> <span class='ocrx_word' id='word_1_15' title='bbox 979 811 1155 888; x_wconf 88' lang='lat' dir='ltr'><strong>filisorme</strong></span> <span class='ocrx_word' id='word_1_16' title='bbox 1182 811 1361 888; x_wconf 77' lang='lat' dir='ltr'><strong>verticillo</strong></span> <span class='ocrx_word' id='word_1_17' title='bbox 1393 810 1568 890; x_wconf 75' lang='lat' dir='ltr'><strong>villorum</strong></span> <span class='ocrx_word' id='word_1_18' title='bbox 1596 808 1903 885; x_wconf 88' lang='lat' dir='ltr'><strong>tenuissimorum</strong></span> <span class='ocrx_word' id='word_1_19' title='bbox 1934 809 2075 883; x_wconf 76' lang='lat' dir='ltr'><strong>notatis</strong></span> <span class='ocrx_word' id='word_1_20' title='bbox 2105 812 2202 913; x_wconf 78' lang='lat' dir='ltr'><strong>(rig.</strong></span> 
     </span>
     <span class='ocr_line' id='line_1_4' title="bbox 621 933 2200 1045; baseline -0.007 -24"><span class='ocrx_word' id='word_1_21' title='bbox 621 960 740 1021; x_wconf 81' lang='lat' dir='ltr'><strong>nostr.</strong></span> <span class='ocrx_word' id='word_1_22' title='bbox 758 950 819 1028; x_wconf 88' lang='lat'><strong>60.</strong></span> <span class='ocrx_word' id='word_1_23' title='bbox 841 949 930 1040; x_wconf 89' lang='lat'><strong>61.).</strong></span> <span class='ocrx_word' id='word_1_24' title='bbox 999 940 1250 1045; x_wconf 87' lang='lat' dir='ltr'><strong>Cotyledones</strong></span> <span class='ocrx_word' id='word_1_25' title='bbox 1273 939 1489 1034; x_wconf 83' lang='lat' dir='ltr'><strong>adhucdum</strong></span> <span class='ocrx_word' id='word_1_26' title='bbox 1517 939 1614 1013; x_wconf 89' lang='lat' dir='ltr'><strong>intra</strong></span> <span class='ocrx_word' id='word_1_27' title='bbox 1641 966 1776 1014; x_wconf 88' lang='lat' dir='ltr'><strong>nucem</strong></span> <span class='ocrx_word' id='word_1_28' title='bbox 1804 939 2049 1042; x_wconf 78' lang='lat' dir='ltr'>complicatae</span> <span class='ocrx_word' id='word_1_29' title='bbox 2074 933 2200 1031; x_wconf 84' lang='lat' dir='ltr'><strong>latent,</strong></span> 
     </span>
     <span class='ocr_line' id='line_1_5' title="bbox 623 1065 2202 1168; baseline -0.006 -19"><span class='ocrx_word' id='word_1_30' title='bbox 623 1103 714 1149; x_wconf 85' lang='lat' dir='ltr'><strong>mox</strong></span> <span class='ocrx_word' id='word_1_31' title='bbox 752 1087 877 1147; x_wconf 87' lang='lat' dir='ltr'><strong>tamen</strong></span> <span class='ocrx_word' id='word_1_32' title='bbox 914 1067 1006 1143; x_wconf 88' lang='lat' dir='ltr'><strong>haec</strong></span> <span class='ocrx_word' id='word_1_33' title='bbox 1044 1069 1299 1168; x_wconf 81' lang='lat' dir='ltr'><strong>integumenta</strong></span> <span class='ocrx_word' id='word_1_34' title='bbox 1338 1093 1405 1142; x_wconf 85' lang='lat' dir='ltr'><strong>sua</strong></span> <span class='ocrx_word' id='word_1_35' title='bbox 1443 1065 1640 1164; x_wconf 87' lang='lat' dir='ltr'><strong>dejiciunt,</strong></span> <span class='ocrx_word' id='word_1_36' title='bbox 1682 1068 1912 1145; x_wconf 90' lang='lat' dir='ltr'><strong>incrementa</strong></span> <span class='ocrx_word' id='word_1_37' title='bbox 1944 1067 2131 1168; x_wconf 74' lang='lat' dir='ltr'><strong>capientes</strong></span> <span class='ocrx_word' id='word_1_38' title='bbox 2160 1093 2202 1140; x_wconf 90' lang='lat' dir='ltr'><strong>eo</strong></span> 
     </span>
     <span class='ocr_line' id='line_1_6' title="bbox 622 1193 2305 1304; baseline -0.007 -25"><span class='ocrx_word' id='word_1_39' title='bbox 622 1203 788 1302; x_wconf 88' lang='lat' dir='ltr'><strong>majora,</strong></span> <span class='ocrx_word' id='word_1_40' title='bbox 816 1227 893 1304; x_wconf 91' lang='lat' dir='ltr'><strong>quo</strong></span> <span class='ocrx_word' id='word_1_41' title='bbox 919 1198 1039 1296; x_wconf 84' lang='lat' dir='ltr'><strong>magis</strong></span> <span class='ocrx_word' id='word_1_42' title='bbox 1065 1194 1113 1268; x_wconf 90' lang='lat' dir='ltr'><strong>ab</strong></span> <span class='ocrx_word' id='word_1_43' title='bbox 1140 1195 1299 1271; x_wconf 86' lang='lat' dir='ltr'><strong>invicem</strong></span> <span class='ocrx_word' id='word_1_44' title='bbox 1332 1194 1530 1295; x_wconf 86' lang='lat' dir='ltr'><strong>divergunt</strong></span> <span class='ocrx_word' id='word_1_45' title='bbox 1560 1194 1790 1295; x_wconf 79' lang='lat' dir='ltr'><strong>(Fignostr.</strong></span> <span class='ocrx_word' id='word_1_46' title='bbox 1811 1204 1871 1282; x_wconf 77' lang='lat'><strong>62.</strong></span> <span class='ocrx_word' id='word_1_47' title='bbox 1896 1198 1984 1294; x_wconf 84' lang='lat'><strong>63.).</strong></span> <span class='ocrx_word' id='word_1_48' title='bbox 2036 1193 2204 1268; x_wconf 80' lang='lat' dir='ltr'><strong>Tandem</strong></span> <span class='ocrx_word' id='word_1_49' title='bbox 2299 1243 2305 1256; x_wconf 91' lang='lat'><strong>·</strong></span> 
     </span>
     <span class='ocr_line' id='line_1_7' title="bbox 624 1320 2202 1434; baseline -0.008 -28"><span class='ocrx_word' id='word_1_50' title='bbox 624 1331 764 1434; x_wconf 88' lang='lat' dir='ltr'><strong>angulo</strong></span> <span class='ocrx_word' id='word_1_51' title='bbox 784 1345 886 1403; x_wconf 89' lang='lat' dir='ltr'><strong>recto</strong></span> <span class='ocrx_word' id='word_1_52' title='bbox 914 1324 1019 1398; x_wconf 89' lang='lat' dir='ltr'><strong>biaut</strong></span> <span class='ocrx_word' id='word_1_53' title='bbox 1047 1336 1083 1397; x_wconf 91' lang='lat' dir='ltr'><strong>et</strong></span> <span class='ocrx_word' id='word_1_54' title='bbox 1106 1321 1380 1424; x_wconf 78' lang='lat' dir='ltr'><strong>longitudinem</strong></span> <span class='ocrx_word' id='word_1_55' title='bbox 1402 1322 1609 1397; x_wconf 90' lang='lat' dir='ltr'><strong>sortiuntur</strong></span> <span class='ocrx_word' id='word_1_56' title='bbox 1633 1322 1854 1426; x_wconf 91' lang='lat' dir='ltr'><strong>plusquam</strong></span> <span class='ocrx_word' id='word_1_57' title='bbox 1879 1320 2202 1424; x_wconf 82' lang='lat' dir='ltr'><strong>semipallicarem,</strong></span> 
     </span>
     <span class='ocr_line' id='line_1_8' title="bbox 622 1447 2205 1560; baseline -0.007 -28"><span class='ocrx_word' id='word_1_58' title='bbox 622 1486 702 1560; x_wconf 93' lang='lat' dir='ltr'><strong>quo</strong></span> <span class='ocrx_word' id='word_1_59' title='bbox 737 1473 905 1556; x_wconf 88' lang='lat' dir='ltr'><strong>ternpore</strong></span> <span class='ocrx_word' id='word_1_60' title='bbox 933 1479 1081 1553; x_wconf 86' lang='lat' dir='ltr'><strong>gemma</strong></span> <span class='ocrx_word' id='word_1_61' title='bbox 1110 1479 1154 1527; x_wconf 83' lang='lat' dir='ltr'><strong>ex</strong></span> <span class='ocrx_word' id='word_1_62' title='bbox 1186 1454 1356 1555; x_wconf 89' lang='lat' dir='ltr'><strong>ipsorum</strong></span> <span class='ocrx_word' id='word_1_63' title='bbox 1395 1447 1661 1550; x_wconf 87' lang='lat' dir='ltr'><strong>conjugatione</strong></span> <span class='ocrx_word' id='word_1_64' title='bbox 1692 1452 1824 1554; x_wconf 86' lang='lat' dir='ltr'><strong>prodit</strong></span> <span class='ocrx_word' id='word_1_65' title='bbox 1859 1451 1960 1552; x_wconf 83' lang='lat' dir='ltr'><strong>(Fig.</strong></span> <span class='ocrx_word' id='word_1_66' title='bbox 1980 1462 2101 1525; x_wconf 83' lang='lat' dir='ltr'><strong>nostr.</strong></span> <span class='ocrx_word' id='word_1_67' title='bbox 2122 1451 2205 1546; x_wconf 69' lang='lat'><strong>64).</strong></span> 
     </span>
     <span class='ocr_line' id='line_1_9' title="bbox 622 1576 2206 1685; baseline -0.006 -27"><span class='ocrx_word' id='word_1_68' title='bbox 622 1582 746 1681; x_wconf 87' lang='lat' dir='ltr'><strong>Hujus</strong></span> <span class='ocrx_word' id='word_1_69' title='bbox 780 1583 926 1683; x_wconf 89' lang='lat' dir='ltr'><strong>primus</strong></span> <span class='ocrx_word' id='word_1_70' title='bbox 959 1584 1084 1658; x_wconf 92' lang='lat' dir='ltr'><strong>nodus</strong></span> <span class='ocrx_word' id='word_1_71' title='bbox 1127 1607 1238 1685; x_wconf 89' lang='lat' dir='ltr'><strong>super</strong></span> <span class='ocrx_word' id='word_1_72' title='bbox 1279 1578 1794 1684; x_wconf 84' lang='lat' dir='ltr'><strong>cotyledonum.insertione</strong></span> <span class='ocrx_word' id='word_1_73' title='bbox 1832 1580 1987 1683; x_wconf 88' lang='lat' dir='ltr'><strong>paulum</strong></span> <span class='ocrx_word' id='word_1_74' title='bbox 2026 1576 2206 1670; x_wconf 80' lang='lat' dir='ltr'><strong>elevatur,</strong></span> 
     </span>
     <span class='ocr_line' id='line_1_10' title="bbox 556 1708 2206 1813; baseline -0.002 -29"><span class='ocrx_word' id='word_1_75' title='bbox 556 1789 564 1796; x_wconf 58' lang='grc'><strong>,</strong></span> <span class='ocrx_word' id='word_1_76' title='bbox 624 1739 717 1813; x_wconf 87' lang='lat' dir='ltr'><strong>eque</strong></span> <span class='ocrx_word' id='word_1_77' title='bbox 752 1711 852 1785; x_wconf 90' lang='lat' dir='ltr'><strong>binis</strong></span> <span class='ocrx_word' id='word_1_78' title='bbox 878 1724 1025 1785; x_wconf 89' lang='lat' dir='ltr'><strong>constat</strong></span> <span class='ocrx_word' id='word_1_79' title='bbox 1053 1709 1154 1786; x_wconf 85' lang='lat' dir='ltr'><strong>foliis</strong></span> <span class='ocrx_word' id='word_1_80' title='bbox 1184 1708 1368 1810; x_wconf 90' lang='lat' dir='ltr'><strong>oppositis</strong></span> <span class='ocrx_word' id='word_1_81' title='bbox 1395 1709 1566 1783; x_wconf 86' lang='lat' dir='ltr'><strong>connatis</strong></span> <span class='ocrx_word' id='word_1_82' title='bbox 1598 1708 1813 1809; x_wconf 89' lang='lat' dir='ltr'><strong>tripartitis,</strong></span> <span class='ocrx_word' id='word_1_83' title='bbox 1855 1736 2019 1810; x_wconf 90' lang='lat' dir='ltr'><strong>quorum</strong></span> <span class='ocrx_word' id='word_1_84' title='bbox 2052 1708 2206 1782; x_wconf 79' lang='lat' dir='ltr'><strong>laciniae</strong></span> 
     </span>
     <span class='ocr_line' id='line_1_11' title="bbox 623 1835 2206 1938; baseline -0.003 -26"><span class='ocrx_word' id='word_1_85' title='bbox 623 1853 711 1912; x_wconf 90' lang='lat' dir='ltr'><strong>sunt</strong></span> <span class='ocrx_word' id='word_1_86' title='bbox 734 1838 1096 1914; x_wconf 88' lang='lat' dir='ltr'><strong>lineari-fililormes</strong></span> <span class='ocrx_word' id='word_1_87' title='bbox 1120 1838 1377 1938; x_wconf 84' lang='lat' dir='ltr'><strong>integerrimae</strong></span> <span class='ocrx_word' id='word_1_88' title='bbox 1403 1837 1503 1936; x_wconf 76' lang='lat' dir='ltr'><strong>(rig.</strong></span> <span class='ocrx_word' id='word_1_89' title='bbox 1516 1850 1633 1912; x_wconf 87' lang='lat' dir='ltr'><strong>nostr.</strong></span> <span class='ocrx_word' id='word_1_90' title='bbox 1650 1835 1737 1935; x_wconf 82' lang='lat'><strong>65.).</strong></span> <span class='ocrx_word' id='word_1_91' title='bbox 1788 1837 1985 1912; x_wconf 89' lang='lat' dir='ltr'><strong>Secundus</strong></span> <span class='ocrx_word' id='word_1_92' title='bbox 2007 1863 2051 1912; x_wconf 90' lang='lat' dir='ltr'><strong>ac</strong></span> <span class='ocrx_word' id='word_1_93' title='bbox 2080 1839 2206 1910; x_wconf 86' lang='lat' dir='ltr'><strong>tertius</strong></span> 
     </span>
     <span class='ocr_line' id='line_1_12' title="bbox 623 1963 2206 2066; baseline -0.001 -26"><span class='ocrx_word' id='word_1_94' title='bbox 623 1966 748 2042; x_wconf 90' lang='lat' dir='ltr'><strong>nodus</strong></span> <span class='ocrx_word' id='word_1_95' title='bbox 778 1964 867 2040; x_wconf 92' lang='lat' dir='ltr'><strong>huic</strong></span> <span class='ocrx_word' id='word_1_96' title='bbox 895 1982 982 2041; x_wconf 89' lang='lat' dir='ltr'><strong>sunt</strong></span> <span class='ocrx_word' id='word_1_97' title='bbox 1015 1965 1176 2060; x_wconf 88' lang='lat' dir='ltr'><strong>similes,</strong></span> <span class='ocrx_word' id='word_1_98' title='bbox 1208 1966 1275 2040; x_wconf 87' lang='lat' dir='ltr'><strong>sed</strong></span> <span class='ocrx_word' id='word_1_99' title='bbox 1307 1963 1399 2038; x_wconf 88' lang='lat' dir='ltr'><strong>solia</strong></span> <span class='ocrx_word' id='word_1_100' title='bbox 1436 1965 1555 2065; x_wconf 85' lang='lat' dir='ltr'><strong>magis</strong></span> <span class='ocrx_word' id='word_1_101' title='bbox 1588 1964 1783 2066; x_wconf 85' lang='lat' dir='ltr'><strong>magisque</strong></span> <span class='ocrx_word' id='word_1_102' title='bbox 1807 1965 2048 2065; x_wconf 80' lang='lat' dir='ltr'><strong>dividuntur,</strong></span> <span class='ocrx_word' id='word_1_103' title='bbox 2089 1989 2206 2066; x_wconf 86' lang='lat' dir='ltr'><strong>usque</strong></span> 
     </span>
     <span class='ocr_line' id='line_1_13' title="bbox 624 2089 1625 2198; baseline -0.001 -31"><span class='ocrx_word' id='word_1_104' title='bbox 624 2096 714 2170; x_wconf 90' lang='lat' dir='ltr'><strong>‹lum</strong></span> <span class='ocrx_word' id='word_1_105' title='bbox 743 2096 926 2189; x_wconf 85' lang='lat' dir='ltr'><strong>sormam,</strong></span> <span class='ocrx_word' id='word_1_106' title='bbox 965 2095 1076 2172; x_wconf 90' lang='lat' dir='ltr'><strong>utin</strong></span> <span class='ocrx_word' id='word_1_107' title='bbox 1107 2093 1234 2171; x_wconf 93' lang='lat' dir='ltr'><strong>adulta</strong></span> <span class='ocrx_word' id='word_1_108' title='bbox 1261 2091 1412 2198; x_wconf 89' lang='lat' dir='ltr'><strong>planta,</strong></span> <span class='ocrx_word' id='word_1_109' title='bbox 1450 2089 1625 2168; x_wconf 86' lang='lat' dir='ltr'><strong>habeant.</strong></span> 
     </span>
    </p>
   </div>
   <div class='ocr_carea' id='block_1_3' title="bbox 619 2337 2221 4784">
    <p class='ocr_par' dir='ltr' id='par_1_3' title="bbox 1083 2337 1748 2548">
     <span class='ocr_line' id='line_1_14' title="bbox 1342 2337 1516 2442; baseline 0.006 0"><span class='ocrx_word' id='word_1_110' title='bbox 1342 2340 1379 2442; x_wconf 83' lang='lat' dir='ltr'><strong>s·</strong></span> <span class='ocrx_word' id='word_1_111' title='bbox 1434 2337 1516 2413; x_wconf 61' lang='grc' dir='ltr'><strong>ὃν</strong></span> 
     </span>
     <span class='ocr_line' id='line_1_15' title="bbox 1083 2470 1748 2548; baseline -0.003 -3"><span class='ocrx_word' id='word_1_112' title='bbox 1083 2470 1748 2548; x_wconf 82' lang='lat' dir='ltr'><strong>PRosERPINAcA.</strong></span> 
     </span>
    </p>

    <p class='ocr_par' dir='ltr' id='par_1_4' title="bbox 619 2617 2221 4784">
     <span class='ocr_line' id='line_1_16' title="bbox 738 2617 2209 2725; baseline 0 -29"><span class='ocrx_word' id='word_1_113' title='bbox 738 2619 898 2723; x_wconf 86' lang='lat' dir='ltr'><strong>Capsula</strong></span> <span class='ocrx_word' id='word_1_114' title='bbox 935 2621 1080 2725; x_wconf 83' lang='lat' dir='ltr'><strong>lignosa</strong></span> <span class='ocrx_word' id='word_1_115' title='bbox 1113 2653 1192 2701; x_wconf 92' lang='lat' dir='ltr'><strong>non</strong></span> <span class='ocrx_word' id='word_1_116' title='bbox 1228 2623 1423 2699; x_wconf 88' lang='lat' dir='ltr'><strong>dehiscens</strong></span> <span class='ocrx_word' id='word_1_117' title='bbox 1461 2622 1707 2716; x_wconf 88' lang='lat' dir='ltr'><strong>trilocularis,</strong></span> <span class='ocrx_word' id='word_1_118' title='bbox 1761 2617 2039 2721; x_wconf 81' lang='lat' dir='ltr'><strong>dissepimentis</strong></span> <span class='ocrx_word' id='word_1_119' title='bbox 2085 2621 2209 2696; x_wconf 89' lang='lat' dir='ltr'><strong>medio</strong></span> 
     </span>
     <span class='ocr_line' id='line_1_17' title="bbox 623 2747 2210 2854; baseline 0.005 -35"><span class='ocrx_word' id='word_1_120' title='bbox 623 2747 806 2847; x_wconf 87' lang='lat' dir='ltr'><strong>parietum</strong></span> <span class='ocrx_word' id='word_1_121' title='bbox 832 2748 912 2847; x_wconf 84' lang='lat' dir='ltr'><strong>ejus</strong></span> <span class='ocrx_word' id='word_1_122' title='bbox 938 2751 1138 2853; x_wconf 90' lang='lat' dir='ltr'><strong>planorum</strong></span> <span class='ocrx_word' id='word_1_123' title='bbox 1165 2753 1325 2827; x_wconf 89' lang='lat' dir='ltr'><strong>insertis.</strong></span> <span class='ocrx_word' id='word_1_124' title='bbox 1378 2756 1515 2828; x_wconf 85' lang='lat' dir='ltr'><strong>Semen</strong></span> <span class='ocrx_word' id='word_1_125' title='bbox 1540 2753 1580 2830; x_wconf 89' lang='lat' dir='ltr'><strong>iu</strong></span> <span class='ocrx_word' id='word_1_126' title='bbox 1604 2753 1739 2854; x_wconf 69' lang='lat' dir='ltr'><strong>quouis</strong></span> <span class='ocrx_word' id='word_1_127' title='bbox 1762 2749 1890 2825; x_wconf 93' lang='lat' dir='ltr'><strong>loculo</strong></span> <span class='ocrx_word' id='word_1_128' title='bbox 1916 2751 2100 2848; x_wconf 90' lang='lat' dir='ltr'><strong>unicum,</strong></span> <span class='ocrx_word' id='word_1_129' title='bbox 2128 2779 2210 2827; x_wconf 86' lang='lat' dir='ltr'><strong>rne-</strong></span> 
     </span>
     <span class='ocr_line' id='line_1_18' title="bbox 623 2875 2211 2982; baseline 0.006 -36"><span class='ocrx_word' id='word_1_130' title='bbox 623 2875 748 2948; x_wconf 78' lang='lat' dir='ltr'><strong>‹liante</strong></span> <span class='ocrx_word' id='word_1_131' title='bbox 787 2877 956 2954; x_wconf 82' lang='lat' dir='ltr'><strong>funiculo</strong></span> <span class='ocrx_word' id='word_1_132' title='bbox 999 2879 1223 2958; x_wconf 87' lang='lat' dir='ltr'><strong>brevissimo</strong></span> <span class='ocrx_word' id='word_1_133' title='bbox 1259 2882 1298 2956; x_wconf 90' lang='lat' dir='ltr'><strong>iu</strong></span> <span class='ocrx_word' id='word_1_134' title='bbox 1340 2883 1446 2982; x_wconf 88' lang='lat' dir='ltr'><strong>apice</strong></span> <span class='ocrx_word' id='word_1_135' title='bbox 1485 2879 1599 2955; x_wconf 89' lang='lat' dir='ltr'><strong>loculi</strong></span> <span class='ocrx_word' id='word_1_136' title='bbox 1637 2879 1812 2971; x_wconf 88' lang='lat' dir='ltr'><strong>haerens,</strong></span> <span class='ocrx_word' id='word_1_137' title='bbox 1860 2905 1950 2978; x_wconf 81' lang='lat' dir='ltr'><strong>ergo</strong></span> <span class='ocrx_word' id='word_1_138' title='bbox 1987 2881 2211 2982; x_wconf 88' lang='lat' dir='ltr'><strong>pendulum.</strong></span> 
     </span>
     <span class='ocr_line' id='line_1_19' title="bbox 620 3005 2211 3109; baseline 0.004 -33"><span class='ocrx_word' id='word_1_139' title='bbox 620 3005 921 3105; x_wconf 84' lang='lat' dir='ltr'><strong>Integumentum</strong></span> <span class='ocrx_word' id='word_1_140' title='bbox 946 3036 1064 3084; x_wconf 92' lang='lat' dir='ltr'><strong>unum</strong></span> <span class='ocrx_word' id='word_1_141' title='bbox 1097 3010 1447 3106; x_wconf 86' lang='lat' dir='ltr'><strong>membranaceum,</strong></span> <span class='ocrx_word' id='word_1_142' title='bbox 1481 3010 1586 3108; x_wconf 89' lang='lat' dir='ltr'><strong>cujus</strong></span> <span class='ocrx_word' id='word_1_143' title='bbox 1611 3009 1650 3082; x_wconf 92' lang='lat' dir='ltr'><strong>in</strong></span> <span class='ocrx_word' id='word_1_144' title='bbox 1677 3008 1872 3109; x_wconf 86' lang='lat' dir='ltr'><strong>superficie</strong></span> <span class='ocrx_word' id='word_1_145' title='bbox 1896 3011 2065 3084; x_wconf 86' lang='lat' dir='ltr'><strong>decurrit</strong></span> <span class='ocrx_word' id='word_1_146' title='bbox 2097 3010 2211 3084; x_wconf 82' lang='lat' dir='ltr'><strong>lasci-</strong></span> 
     </span>
     <span class='ocr_line' id='line_1_20' title="bbox 622 3128 2213 3241; baseline 0.004 -38"><span class='ocrx_word' id='word_1_147' title='bbox 622 3128 728 3206; x_wconf 87' lang='lat' dir='ltr'><strong>culus</strong></span> <span class='ocrx_word' id='word_1_148' title='bbox 764 3159 940 3212; x_wconf 88' lang='lat' dir='ltr'><strong>vasorum</strong></span> <span class='ocrx_word' id='word_1_149' title='bbox 982 3137 1141 3240; x_wconf 81' lang='lat' dir='ltr'><strong>simplex</strong></span> <span class='ocrx_word' id='word_1_150' title='bbox 1179 3139 1456 3241; x_wconf 86' lang='lat' dir='ltr'><strong>terminumque</strong></span> <span class='ocrx_word' id='word_1_151' title='bbox 1494 3166 1603 3214; x_wconf 89' lang='lat' dir='ltr'><strong>suum</strong></span> <span class='ocrx_word' id='word_1_152' title='bbox 1640 3133 1756 3211; x_wconf 90' lang='lat' dir='ltr'><strong>habet</strong></span> <span class='ocrx_word' id='word_1_153' title='bbox 1791 3134 1941 3210; x_wconf 85' lang='lat' dir='ltr'><strong>chalaza</strong></span> <span class='ocrx_word' id='word_1_154' title='bbox 1980 3143 2113 3232; x_wconf 85' lang='lat' dir='ltr'><strong>fusca,</strong></span> <span class='ocrx_word' id='word_1_155' title='bbox 2166 3135 2213 3210; x_wconf 87' lang='lat' dir='ltr'><strong>ad</strong></span> 
     </span>
     <span class='ocr_line' id='line_1_21' title="bbox 622 3259 2215 3368; baseline 0.006 -34"><span class='ocrx_word' id='word_1_156' title='bbox 622 3259 730 3336; x_wconf 87' lang='lat' dir='ltr'><strong>basin</strong></span> <span class='ocrx_word' id='word_1_157' title='bbox 754 3263 999 3365; x_wconf 88' lang='lat' dir='ltr'><strong>integumenti</strong></span> <span class='ocrx_word' id='word_1_158' title='bbox 1018 3265 1150 3340; x_wconf 88' lang='lat' dir='ltr'><strong>locata.</strong></span> <span class='ocrx_word' id='word_1_159' title='bbox 1202 3268 1493 3368; x_wconf 83' lang='lat' dir='ltr'><strong>Perispermium</strong></span> <span class='ocrx_word' id='word_1_160' title='bbox 1518 3292 1716 3342; x_wconf 89' lang='lat' dir='ltr'><strong>carnosum</strong></span> <span class='ocrx_word' id='word_1_161' title='bbox 1746 3264 1866 3363; x_wconf 85' lang='lat' dir='ltr'><strong>figura</strong></span> <span class='ocrx_word' id='word_1_162' title='bbox 1892 3268 2060 3344; x_wconf 88' lang='lat' dir='ltr'><strong>seminis.</strong></span> <span class='ocrx_word' id='word_1_163' title='bbox 2119 3269 2215 3342; x_wconf 87' lang='lat' dir='ltr'><strong>Em·</strong></span> 
     </span>
     <span class='ocr_line' id='line_1_22' title="bbox 622 3387 2215 3500; baseline 0.006 -40"><span class='ocrx_word' id='word_1_164' title='bbox 622 3387 720 3494; x_wconf 84' lang='lat' dir='ltr'><strong>bryo</strong></span> <span class='ocrx_word' id='word_1_165' title='bbox 743 3392 914 3470; x_wconf 86' lang='lat' dir='ltr'><strong>inversus</strong></span> <span class='ocrx_word' id='word_1_166' title='bbox 939 3409 1081 3486; x_wconf 91' lang='lat' dir='ltr'><strong>rectus,</strong></span> <span class='ocrx_word' id='word_1_167' title='bbox 1116 3395 1351 3497; x_wconf 89' lang='lat' dir='ltr'><strong>perispermii</strong></span> <span class='ocrx_word' id='word_1_168' title='bbox 1376 3398 1454 3471; x_wconf 90' lang='lat' dir='ltr'><strong>sere</strong></span> <span class='ocrx_word' id='word_1_169' title='bbox 1480 3395 1735 3498; x_wconf 84' lang='lat' dir='ltr'><strong>longitudine,</strong></span> <span class='ocrx_word' id='word_1_170' title='bbox 1771 3391 2028 3495; x_wconf 83' lang='lat' dir='ltr'><strong>cylindraceus</strong></span> <span class='ocrx_word' id='word_1_171' title='bbox 2059 3397 2215 3500; x_wconf 79' lang='lat' dir='ltr'><strong>dicoty·</strong></span> 
     </span>
     <span class='ocr_line' id='line_1_23' title="bbox 624 3515 2212 3625; baseline 0.007 -35"><span class='ocrx_word' id='word_1_172' title='bbox 624 3515 827 3616; x_wconf 87' lang='lat' dir='ltr'><strong>ledonens,</strong></span> <span class='ocrx_word' id='word_1_173' title='bbox 876 3520 1165 3625; x_wconf 84' lang='lat' dir='ltr'><strong>cotyledonibus</strong></span> <span class='ocrx_word' id='word_1_174' title='bbox 1211 3549 1330 3622; x_wconf 88' lang='lat' dir='ltr'><strong>paene</strong></span> <span class='ocrx_word' id='word_1_175' title='bbox 1368 3537 1540 3624; x_wconf 87' lang='lat' dir='ltr'><strong>quartam</strong></span> <span class='ocrx_word' id='word_1_176' title='bbox 1583 3525 1697 3599; x_wconf 92' lang='lat' dir='ltr'><strong>totius</strong></span> <span class='ocrx_word' id='word_1_177' title='bbox 1728 3536 1874 3625; x_wconf 88' lang='lat' dir='ltr'><strong>partem</strong></span> <span class='ocrx_word' id='word_1_178' title='bbox 1907 3523 2140 3601; x_wconf 89' lang='lat' dir='ltr'><strong>tenentibus.</strong></span> <span class='ocrx_word' id='word_1_179' title='bbox 2167 3567 2212 3582; x_wconf 91' lang='lat'>-</span> 
     </span>
     <span class='ocr_line' id='line_1_24' title="bbox 625 3645 2213 3753; baseline 0.003 -31"><span class='ocrx_word' id='word_1_180' title='bbox 625 3645 680 3730; x_wconf 82' lang='lat' dir='ltr'><strong>Cl.</strong></span> <span class='ocrx_word' id='word_1_181' title='bbox 707 3649 1007 3727; x_wconf 86' lang='lat' dir='ltr'><strong>Gaertnerus</strong></span> <span class='ocrx_word' id='word_1_182' title='bbox 1040 3651 1193 3752; x_wconf 89' lang='lat' dir='ltr'><strong>quidem</strong></span> <span class='ocrx_word' id='word_1_183' title='bbox 1224 3677 1351 3726; x_wconf 89' lang='lat' dir='ltr'><strong>semen</strong></span> <span class='ocrx_word' id='word_1_184' title='bbox 1387 3653 1591 3728; x_wconf 88' lang='lat' dir='ltr'><strong>“deorsum</strong></span> <span class='ocrx_word' id='word_1_185' title='bbox 1621 3653 1899 3726; x_wconf 87' lang='lat' dir='ltr'><strong>acuminatum’&#39;</strong></span> <span class='ocrx_word' id='word_1_186' title='bbox 1929 3667 2039 3727; x_wconf 81' lang='lat' dir='ltr'><strong>vocat</strong></span> <span class='ocrx_word' id='word_1_187' title='bbox 2068 3653 2113 3753; x_wconf 92' lang='lat' dir='ltr'><strong>(l.</strong></span> <span class='ocrx_word' id='word_1_188' title='bbox 2136 3683 2168 3730; x_wconf 92' lang='lat' dir='ltr'><strong>c.</strong></span> <span class='ocrx_word' id='word_1_189' title='bbox 2189 3657 2213 3727; x_wconf 94' lang='lat' dir='ltr'><strong>l.</strong></span> 
     </span>
     <span class='ocr_line' id='line_1_25' title="bbox 623 3779 2215 3884; baseline 0.002 -31"><span class='ocrx_word' id='word_1_190' title='bbox 623 3788 709 3858; x_wconf 85' lang='lat'><strong>115.</strong></span> <span class='ocrx_word' id='word_1_191' title='bbox 745 3785 843 3874; x_wconf 84' lang='lat'><strong>116.)</strong></span> <span class='ocrx_word' id='word_1_192' title='bbox 854 3835 865 3874; x_wconf 94' lang='lat'><strong>,</strong></span> <span class='ocrx_word' id='word_1_193' title='bbox 916 3779 1161 3884; x_wconf 85' lang='lat' dir='ltr'><strong>embryonem</strong></span> <span class='ocrx_word' id='word_1_194' title='bbox 1196 3807 1286 3856; x_wconf 84' lang='lat' dir='ltr'><strong>rere</strong></span> <span class='ocrx_word' id='word_1_195' title='bbox 1328 3787 1556 3873; x_wconf 86' lang='lat' dir='ltr'><strong>“erectum”,</strong></span> <span class='ocrx_word' id='word_1_196' title='bbox 1602 3805 1681 3880; x_wconf 91' lang='lat' dir='ltr'><strong>quo</strong></span> <span class='ocrx_word' id='word_1_197' title='bbox 1712 3779 1836 3879; x_wconf 88' lang='lat' dir='ltr'><strong>ipsum</strong></span> <span class='ocrx_word' id='word_1_198' title='bbox 1871 3794 2020 3855; x_wconf 90' lang='lat' dir='ltr'><strong>secutus</strong></span> <span class='ocrx_word' id='word_1_199' title='bbox 2064 3797 2124 3858; x_wconf 90' lang='lat' dir='ltr'><strong>est</strong></span> <span class='ocrx_word' id='word_1_200' title='bbox 2162 3782 2215 3858; x_wconf 92' lang='lat' dir='ltr'><strong>Cl.</strong></span> 
     </span>
     <span class='ocr_line' id='line_1_26' title="bbox 622 3887 2216 4012; baseline 0.006 -35"><span class='ocrx_word' id='word_1_201' title='bbox 622 3907 934 4008; x_wconf 84' lang='lat' dir='ltr'><strong>Sprengelius</strong></span> <span class='ocrx_word' id='word_1_202' title='bbox 961 3913 1071 4012; x_wconf 90' lang='lat' dir='ltr'><strong>(Gen.</strong></span> <span class='ocrx_word' id='word_1_203' title='bbox 1092 3909 1140 4011; x_wconf 92' lang='lat' dir='ltr'><strong>pl.</strong></span> <span class='ocrx_word' id='word_1_204' title='bbox 1161 3907 1218 3983; x_wconf 90' lang='lat' dir='ltr'><strong>ed.</strong></span> <span class='ocrx_word' id='word_1_205' title='bbox 1240 3911 1302 3983; x_wconf 85' lang='lat' dir='ltr'><strong>lx.</strong></span> <span class='ocrx_word' id='word_1_206' title='bbox 1325 3911 1354 3983; x_wconf 91' lang='lat' dir='ltr'><strong>l.</strong></span> <span class='ocrx_word' id='word_1_207' title='bbox 1378 3917 1469 4006; x_wconf 59' lang='lat'><strong>98).</strong></span> <span class='ocrx_word' id='word_1_208' title='bbox 1521 3911 1663 3982; x_wconf 85' lang='lat' dir='ltr'><strong>Verum</strong></span> <span class='ocrx_word' id='word_1_209' title='bbox 1693 3887 1843 3983; x_wconf 76' lang='lat' dir='ltr'><strong>inrerso</strong></span> <span class='ocrx_word' id='word_1_210' title='bbox 1865 3907 1983 3981; x_wconf 91' lang='lat' dir='ltr'><strong>modo</strong></span> <span class='ocrx_word' id='word_1_211' title='bbox 2013 3934 2099 3983; x_wconf 88' lang='lat' dir='ltr'><strong>rem</strong></span> <span class='ocrx_word' id='word_1_212' title='bbox 2135 3901 2216 3985; x_wconf 80' lang='lat' dir='ltr'><strong>sese</strong></span> 
     </span>
     <span class='ocr_line' id='line_1_27' title="bbox 621 4029 2217 4140; baseline 0.006 -36"><span class='ocrx_word' id='word_1_213' title='bbox 621 4029 781 4128; x_wconf 87' lang='lat' dir='ltr'><strong>habere,</strong></span> <span class='ocrx_word' id='word_1_214' title='bbox 815 4036 966 4135; x_wconf 84' lang='lat' dir='ltr'><strong>jamjam</strong></span> <span class='ocrx_word' id='word_1_215' title='bbox 991 4053 1092 4140; x_wconf 87' lang='lat' dir='ltr'><strong>patet</strong></span> <span class='ocrx_word' id='word_1_216' title='bbox 1114 4065 1157 4112; x_wconf 83' lang='lat' dir='ltr'><strong>ex</strong></span> <span class='ocrx_word' id='word_1_217' title='bbox 1182 4037 1343 4140; x_wconf 79' lang='lat' dir='ltr'><strong>analysi,</strong></span> <span class='ocrx_word' id='word_1_218' title='bbox 1379 4065 1492 4138; x_wconf 90' lang='lat' dir='ltr'><strong>qnam</strong></span> <span class='ocrx_word' id='word_1_219' title='bbox 1521 4036 1576 4115; x_wconf 89' lang='lat' dir='ltr'><strong>Cl.</strong></span> <span class='ocrx_word' id='word_1_220' title='bbox 1603 4033 1845 4113; x_wconf 87' lang='lat' dir='ltr'><strong>Richardo</strong></span> <span class='ocrx_word' id='word_1_221' title='bbox 1873 4033 2058 4112; x_wconf 86' lang='lat' dir='ltr'><strong>debemus</strong></span> <span class='ocrx_word' id='word_1_222' title='bbox 2094 4043 2217 4134; x_wconf 82' lang='lat' dir='ltr'><strong>(Anu.</strong></span> 
     </span>
     <span class='ocr_line' id='line_1_28' title="bbox 621 4153 2219 4271; baseline 0.007 -39"><span class='ocrx_word' id='word_1_223' title='bbox 621 4155 673 4232; x_wconf 94' lang='lat' dir='ltr'><strong>du</strong></span> <span class='ocrx_word' id='word_1_224' title='bbox 692 4153 789 4236; x_wconf 85' lang='lat' dir='ltr'><strong>Mus.</strong></span> <span class='ocrx_word' id='word_1_225' title='bbox 814 4163 850 4236; x_wconf 89' lang='lat' dir='ltr'><strong>d’</strong></span> <span class='ocrx_word' id='word_1_226' title='bbox 870 4167 964 4240; x_wconf 89' lang='lat' dir='ltr'><strong>Hist.</strong></span> <span class='ocrx_word' id='word_1_227' title='bbox 984 4181 1060 4242; x_wconf 88' lang='lat' dir='ltr'><strong>nat.</strong></span> <span class='ocrx_word' id='word_1_228' title='bbox 1081 4165 1148 4241; x_wconf 92' lang='lat' dir='ltr'><strong>lll.</strong></span> <span class='ocrx_word' id='word_1_229' title='bbox 1173 4181 1198 4242; x_wconf 91' lang='lat' dir='ltr'><strong>t.</strong></span> <span class='ocrx_word' id='word_1_230' title='bbox 1214 4169 1313 4266; x_wconf 86' lang='lat'><strong>30.),</strong></span> <span class='ocrx_word' id='word_1_231' title='bbox 1353 4167 1504 4242; x_wconf 88' lang='lat' dir='ltr'><strong>seminis</strong></span> <span class='ocrx_word' id='word_1_232' title='bbox 1531 4166 1630 4240; x_wconf 90' lang='lat' dir='ltr'><strong>enim</strong></span> <span class='ocrx_word' id='word_1_233' title='bbox 1663 4165 1872 4240; x_wconf 84' lang='lat' dir='ltr'><strong>extremitas</strong></span> <span class='ocrx_word' id='word_1_234' title='bbox 1897 4167 2094 4267; x_wconf 88' lang='lat' dir='ltr'><strong>superior,</strong></span> <span class='ocrx_word' id='word_1_235' title='bbox 2139 4193 2219 4271; x_wconf 89' lang='lat' dir='ltr'><strong>qua</strong></span> 
     </span>
     <span class='ocr_line' id='line_1_29' title="bbox 620 4291 2220 4397; baseline 0.004 -33"><span class='ocrx_word' id='word_1_236' title='bbox 620 4291 760 4367; x_wconf 81' lang='lat' dir='ltr'><strong>fructui</strong></span> <span class='ocrx_word' id='word_1_237' title='bbox 790 4291 987 4389; x_wconf 85' lang='lat' dir='ltr'><strong>adhaeret,</strong></span> <span class='ocrx_word' id='word_1_238' title='bbox 1027 4295 1239 4369; x_wconf 86' lang='lat' dir='ltr'><strong>acuminata</strong></span> <span class='ocrx_word' id='word_1_239' title='bbox 1268 4308 1322 4368; x_wconf 91' lang='lat' dir='ltr'><strong>est</strong></span> <span class='ocrx_word' id='word_1_240' title='bbox 1355 4310 1392 4368; x_wconf 89' lang='lat' dir='ltr'><strong>et</strong></span> <span class='ocrx_word' id='word_1_241' title='bbox 1423 4292 1511 4368; x_wconf 91' lang='lat' dir='ltr'><strong>huic</strong></span> <span class='ocrx_word' id='word_1_242' title='bbox 1543 4294 1697 4397; x_wconf 85' lang='lat' dir='ltr'><strong>quidem</strong></span> <span class='ocrx_word' id='word_1_243' title='bbox 1727 4293 1960 4371; x_wconf 87' lang='lat' dir='ltr'><strong>acuminatae</strong></span> <span class='ocrx_word' id='word_1_244' title='bbox 1993 4296 2100 4394; x_wconf 89' lang='lat' dir='ltr'><strong>parti</strong></span> <span class='ocrx_word' id='word_1_245' title='bbox 2130 4321 2220 4370; x_wconf 90' lang='lat' dir='ltr'><strong>em-</strong></span> 
     </span>
     <span class='ocr_line' id='line_1_30' title="bbox 619 4415 2220 4524; baseline 0.003 -33"><span class='ocrx_word' id='word_1_246' title='bbox 619 4415 776 4522; x_wconf 79' lang='lat' dir='ltr'><strong>bryonis</strong></span> <span class='ocrx_word' id='word_1_247' title='bbox 809 4420 975 4499; x_wconf 88' lang='lat' dir='ltr'><strong>radicula</strong></span> <span class='ocrx_word' id='word_1_248' title='bbox 1012 4422 1249 4515; x_wconf 89' lang='lat' dir='ltr'><strong>obtenditur,</strong></span> <span class='ocrx_word' id='word_1_249' title='bbox 1298 4421 1538 4524; x_wconf 81' lang='lat' dir='ltr'><strong>cotyledones</strong></span> <span class='ocrx_word' id='word_1_250' title='bbox 1572 4435 1697 4496; x_wconf 88' lang='lat' dir='ltr'><strong>autem</strong></span> <span class='ocrx_word' id='word_1_251' title='bbox 1735 4417 1844 4496; x_wconf 87' lang='lat' dir='ltr'><strong>basin</strong></span> <span class='ocrx_word' id='word_1_252' title='bbox 1884 4423 2108 4522; x_wconf 89' lang='lat' dir='ltr'><strong>respiciunt.</strong></span> <span class='ocrx_word' id='word_1_253' title='bbox 2178 4423 2220 4498; x_wconf 91' lang='lat' dir='ltr'><strong>Si</strong></span> 
     </span>
     <span class='ocr_line' id='line_1_31' title="bbox 621 4547 2221 4653; baseline 0.006 -35"><span class='ocrx_word' id='word_1_254' title='bbox 621 4555 745 4624; x_wconf 86' lang='lat' dir='ltr'><strong>tamen</strong></span> <span class='ocrx_word' id='word_1_255' title='bbox 770 4551 821 4625; x_wconf 89' lang='lat' dir='ltr'><strong>in</strong></span> <span class='ocrx_word' id='word_1_256' title='bbox 838 4549 1012 4628; x_wconf 86' lang='lat' dir='ltr'><strong>iconibus</strong></span> <span class='ocrx_word' id='word_1_257' title='bbox 1038 4550 1268 4629; x_wconf 84' lang='lat' dir='ltr'><strong>Richardi</strong></span> <span class='ocrx_word' id='word_1_258' title='bbox 1297 4565 1375 4624; x_wconf 88' lang='lat' dir='ltr'><strong>tum</strong></span> <span class='ocrx_word' id='word_1_259' title='bbox 1404 4547 1560 4652; x_wconf 84' lang='lat' dir='ltr'><strong>embryo</strong></span> <span class='ocrx_word' id='word_1_260' title='bbox 1588 4576 1667 4624; x_wconf 92' lang='lat' dir='ltr'><strong>non</strong></span> <span class='ocrx_word' id='word_1_261' title='bbox 1692 4565 1872 4653; x_wconf 85' lang='lat' dir='ltr'><strong>occupat,</strong></span> <span class='ocrx_word' id='word_1_262' title='bbox 1908 4550 1980 4626; x_wconf 90' lang='lat' dir='ltr'><strong>nisi</strong></span> <span class='ocrx_word' id='word_1_263' title='bbox 2002 4549 2221 4626; x_wconf 88' lang='lat' dir='ltr'><strong>dimidium</strong></span> 
     </span>
     <span class='ocr_line' id='line_1_32' title="bbox 621 4671 2219 4784; baseline 0.006 -37"><span class='ocrx_word' id='word_1_264' title='bbox 621 4671 865 4776; x_wconf 84' lang='lat' dir='ltr'><strong>longitudinis</strong></span> <span class='ocrx_word' id='word_1_265' title='bbox 885 4681 1140 4784; x_wconf 87' lang='lat' dir='ltr'><strong>perispermii,</strong></span> <span class='ocrx_word' id='word_1_266' title='bbox 1164 4693 1243 4754; x_wconf 90' lang='lat' dir='ltr'><strong>turn</strong></span> <span class='ocrx_word' id='word_1_267' title='bbox 1270 4677 1511 4784; x_wconf 66' lang='lat' dir='ltr'><strong>cotyledones</strong></span> <span class='ocrx_word' id='word_1_268' title='bbox 1537 4673 1609 4752; x_wconf 88' lang='lat' dir='ltr'><strong>sub</strong></span> <span class='ocrx_word' id='word_1_269' title='bbox 1632 4681 1756 4752; x_wconf 78' lang='lat' dir='ltr'><strong>forma</strong></span> <span class='ocrx_word' id='word_1_270' title='bbox 1784 4683 2089 4782; x_wconf 84' lang='lat' dir='ltr'><strong>emarginaturae</strong></span> <span class='ocrx_word' id='word_1_271' title='bbox 2116 4681 2219 4757; x_wconf 88' lang='lat' dir='ltr'><strong>alte-</strong></span> 
     </span>
    </p>
   </div>
   <div class='ocr_carea' id='block_1_4' title="bbox 0 0 2398 5989">
    <p class='ocr_par' dir='ltr' id='par_1_5' title="bbox 0 0 2398 5989">
     <span class='ocr_line' id='line_1_33' title="bbox 0 0 2398 5989; baseline 0 0"><span class='ocrx_word' id='word_1_272' title='bbox 0 0 2398 5989; x_wconf 95' lang='lat' dir='ltr'><strong> </strong></span> 
     </span>
    </p>
   </div>
  </div>
 </body>
</html>
