4786 5996
830 553 1120 642 ...71-

114 755 118 762 ’
180 766 343 848 ponere,
361 729 403 820 'et
427 744 558 848 liguris
581 747 730 854 aliquot
753 749 942 830 illustrare
964 753 1189 830 tentavimus
1215 739 1305 863 (Op.
1328 767 1444 829 nostr.
1467 757 1554 832 Von
1576 757 1643 828 dar
1664 753 1767 828 Ent-
1864 851 1869 862 .

177 877 359 972 wicklung
392 878 459 948 das
488 880 667 980 Ernbryo.
694 885 754 966 64.
778 883 822 958 T.
837 885 903 958 vt.
928 883 955 958 s.
979 884 1256 983 114-117.),
1293 881 1345 957 ita
1370 895 1517 976 tamen,
1551 894 1595 956 ut
1624 879 1664 952 in
1690 903 1767 952 no-

176 998 369 1096 minibus,
400 1001 539 1106 quihus
560 1009 709 1112 singula
735 1010 1015 1112 designavimus
1042 1011 1105 1090 ori
1128 1009 1342 1106 involucra,
1378 1037 1459 1086 non
1484 1035 1619 1110 parum
1649 1005 1766 1080 simus

175 1126 405 1206 hallucinati.
470 1137 577 1230 Quae
603 1139 703 1213 enim
730 1165 820 1241 pars
840 1141 950 1215 nuris
976 1137 1086 1215 titulo
1108 1136 1220 1214 nobis
1243 1136 1334 1216 olim
1359 1140 1431 1215 luit
1456 1136 1638 1225 salutata,
1663 1157 1766 1208 nunt:
1879 1227 1885 1258 ἱ

174 1271 270 1335 testa
291 1275 424 1354 nostro
450 1287 561 1338 sensu
586 1279 658 1360 est3
694 1267 799 1368 quod
825 1265 1091 1342 membranam
1119 1268 1340 1342 esteridrem
1374 1259 1616 1358 vocavimus,
1663 1287 1765 1338 nunc

172 1417 248 1492 pro
274 1390 466 1484 interiori,
501 1392 607 1494 quod
632 1395 799 1469 tunicam
823 1395 1039 1470 interiorem
1067 1391 1317 1498 putabamus,
1353 1421 1457 1470 nune
1483 1391 1666 1468 habemus
1693 1416 1764 1491 pro

173 1517 351 1594 exteriori
382 1518 651 1620 perispermio,
685 1522 798 1624 idque
824 1523 942 1598 modo
970 1537 1127 1599 naturae
1151 1511 1273 1624 mdgis
1306 1521 1568 1616 convenienti,
1592 1519 1668 1632 'uti'
1687 1545 1765 1594 no-

171 1645 235 1724 bis
269 1647 423 1750 quidem
455 1647 613 1726 videtur.
683 1633 900 1752 Duplicius'
928 1652 1028 1726 enim
1071 1651 1306 1754 perispermii
1342 1665 1433 1726 tune
1470 1651 1651 1753 temporis
1692 1675 1765 1726 nos
1861 1721 1866 1736 ,

175 1775 340 1872 latebat,
375 1777 467 1852 dum
498 1805 569 1854 nos
593 1801 793 1880 persuasos
820 1775 1065 1872 haberemus,
1104 1805 1183 1854 esse
1206 1791 1422 1854 constanter
1442 1805 1562 1856 unum
1587 1779 1764 1881 idemque

173 1907 238 1980 ovi
265 1906 524 2003 involucrum,
558 1909 656 1982 intra
683 1905 789 2006 eujus
815 1903 967 1981 cellulas
998 1906 1153 1984 materia
1178 1907 1347 1986 nutriens
1373 1908 1414 1984 in
1438 1933 1550 1988 usum
1582 1909 1764 2014 ernbryn-

171 2033 233 2110 uis
263 2034 388 2112 tenelli
421 2035 683 2140 deponeretur.

287 2274 531 2352 Graviorest
555 2287 683 2350 tamen
708 2299 833 2369 error,
866 2273 905 2348 in
929 2297 1043 2375 quern
1069 2273 1201 2350 incidit
1225 2273 1322 2351 Clar.
1347 2275 1634 2376 Brongiart,
1668 2273 1759 2348 dum

171 2399 244 2476 tria
276 2401 420 2478 sisteret
450 2415 643 2480 momenta
678 2429 699 2476 e
742 2399 994 2477 mutationum
1028 2403 1144 2496 serie,
1188 2400 1346 2506 quibus
1367 2400 1577 2482 absolvitur
1608 2399 1759 2476 sentinis

171 2528 337 2606 Ricini
362 2529 556 2632 generatio
581 2526 628 2626 (l.
648 2555 679 2604 e.
705 2531 752 2604 T.
769 2545 806 2617 3.
831 2503 959 2626 ί1.);’
990 2528 1110 2605 nimio
1137 2529 1261 2624 enim,
1294 2531 1397 2634 quod
1430 2531 1526 2608 inter
1550 2529 1759 2606 secundum

171 2684 216 2734 ac
252 2658 401 2734 tertium
432 2672 513 2736 erat
545 2671 802 2752 momentum,
835 2655 1019 2760 temporis
1058 2653 1256 2736 intervallo
1291 2659 1420 2734 induci
1459 2671 1513 2734 se'
1533 2685 1666 2762 passus
1689 2672 1758 2754 est,

172 2799 215 2860 ut
240 2789 437 2864 transitum
468 2786 621 2864 alterius
653 2787 694 2862 in
727 2784 885 2862 alterum
920 2810 1119 2887 perperam
1156 2784 1387 2890 intelligeret.
1453 2788 1569 2884 Quod
1602 2785 1758 2864 involu-

173 2939 280 2990 crum
308 2917 347 3014 iu
380 2916 545 2992 secunda
572 2914 837 2992 observatione
862 2927 976 2990 testae
1002 2913 1157 2990 nornine
1182 2915 1308 3011 venit,
1345 2915 1445 2994 idem
1484 2919 1534 2992 in.
1558 2916 1664 2992 tertia
1697 2928 1758 2989 te·

169 3069 284 3144 gmen
307 3042 546 3138 (membrana
572 3045 719 3120 interna
745 3040 867 3141 Nob.)
908 3055 1089 3136 vocatur,
1133 3041 1225 3120 dum
1267 3047 1476 3146 genuinum
1515 3061 1663 3148 tegmen
1700 3051 1757 3141 (ut

168 3197 258 3246 curu
288 3171 344 3248 Cl.
366 3175 460 3250 Viro
484 3172 700 3277 loquamur)
740 3186 794 3246 est
816 3169 880 3244 illa
906 3195 1016 3270 pars,
1052 3195 1165 3274 quam
1191 3171 1298 3272 prius
1324 3171 1446 3250 nuclei
1473 3171 1650 3268 (amande
1677 3173 1754 3270 Br.)

164 3299 282 3374 titulo
316 3298 583 3400 designaverat.
648 3304 732 3378 Hoc
766 3299 891 3400 itaque
923 3299 1042 3373 modo
1078 3299 1218 3374 laetum
1257 3313 1330 3393 est,
1370 3317 1411 3375 ut
1444 3301 1570 3406 ipsum
1598 3327 1754 3404 prorsus

162 3433 316 3528 lugeret
347 3425 546 3528 singularis
581 3427 736 3528 hujusce
773 3423 895 3503 nuclei
932 3415 1252 3530 (perispermium'
1271 3421 1436 3505 'interius
1471 3427 1584 3504 nobis
1609 3428 1753 3526 vocati)

162 3556 348 3651 mutatio,
381 3584 500 3660 quae,
536 3570 650 3661 prout
675 3580 790 3656 supra
823 3553 1184 3661 demonstravimus,
1215 3583 1258 3634 ea
1284 3568 1358 3654 est,
1401 3572 1442 3633 ut
1468 3557 1548 3658 ejus
1575 3555 1753 3636 volumen

163 3687 254 3790 pari
280 3687 426 3762 ratione
454 3684 662 3778 decrescat,
703 3711 778 3786 qua
803 3685 1090 3788 perispcrmiurn
1116 3685 1271 3762 interius
1299 3685 1528 3764 incrementa
1555 3684 1676 3788 capit,
1710 3696 1752 3756 ut

161 3815 322 3894 tandem
351 3815 510 3892 omnino
536 3814 729 3892 evanuisse
752 3812 933 3891 videatur.

283 4074 428 4148 Harum
450 4071 701 4148 mutationum
725 4067 901 4172 equidem
927 4067 968 4144 in
993 4055 1275 4174 Euphorhie
1304 4067 1507 4172 Lathyri
1533 4093 1612 4144 non
1638 4067 1751 4167 igna-
1888 4125 1902 4146 .

159 4227 233 4279 rus
267 4199 338 4274 fuit
369 4195 469 4276 Clar.
496 4195 785 4293 ,Mirbelium
828 4192 895 4272 ubi
924 4195 1105 4292 modum,
1145 4222 1224 4300 quo
1255 4195 1411 4274 evulum
1447 4195 1526 4296 ejus
1557 4223 1577 4271 e
1611 4191 1748 4270 tenello

156 4325 324 4408 exordio
357 4325 407 4404 ad
441 4327 715 4431 apparitionem
753 4323 972 4432 embryonis
1008 4349 1129 4428 usque
1165 4338 1348 4426 augetur,
1389 4327 1537 4404 eximiis
1573 4319 1748 4400 iconibus

155 4459 392 4536 illustratum
425 4456 627 4558 proposuit
658 4457 804 4556 (Nous.
840 4452 1060 4536 recherches
1088 4469 1156 4530 etc.
1186 4459 1274 4542 622.
1308 4456 1354 4529 Τ.
1380 4457 1448 4554 2.).
1516 4451 1745 4529 Sententiam

154 4585 363 4694 proprium
397 4586 437 4662 in
472 4582 600 4664 limine
632 4582 746 4688 hujus
780 4584 954 4692 opusculi
992 4585 1201 4691 expositam
1226 4599 1385 4665 secutus·
1408 4583 1463 4662 Cl.
1488 4581 1557 4696 Vir
1583 4603 1607 4656 a
1631 4573 1745 4656 nobis
