4786 5996
831 455 1154 612 ,W—

217 721 402 822 Smyruae
429 717 472 794 in
496 715 657 794 collibus
682 715 785 792 illem
812 713 901 818 lo'git
924 715 1350 799 illei-seberusMed.
1373 717 1493 815 stud,
1517 739 1707 824 quaetota
1723 728 1809 830 gla-

218 845 384 924 berriura
410 845 468 922 sst'
490 871 535 922 ac
555 845 723 936 flauescit
747 843 941 952 simulque·
959 851 1116 952 copiosa
1140 849 1272 924 resina
1302 857 1427 926 senet:
1488 841 1634 946 Caulis,
1672 857 1738 957 qui
1760 859 1810 934 ad

218 970 725 1076 minimumquadripedalis
751 973 920 1071 videtur,
954 992 1051 1056 teres
1079 979 1157 1072 est,
1183 972 1368 1068 sulcatus,
1398 976 1549 1054 surctus.
1612 979 1721 1056 Folia
1744 1011 1811 1060 ra-

218 1103 352 1181 dicalia
372 1103 552 1208 petioluta
572 1102 754 1178 consuet
772 1117 890 1196 ovuta¹
906 1104 1063 1202 obtusa,
1094 1105 1218 1181 ermis
1248 1101 1368 1178 acutis
1390 1103 1694 1214 cirqumscuipta,
1720 1107 1811 1190 'bosi

216 1231 442 1308 ouueifdrmi
477 1232 518 1308 iu
552 1228 735 1332 petiolum
762 1231 967 1328 desinente,
982 1295 987 1304 .
1003 1235 1134 1321 utrina
1164 1225 1323 1323 scabra,
1350 1233 1519 1332 margine
1554 1235 1812 1338 cartilagiueo,

218 1355 286 1434 ubi
311 1359 393 1434 folii
416 1359 625 1438 substantio
644 1360 691 1435 -iu
713 1360 896 1461 petiolum
919 1357 1077 1456 'transim
1103 1355 1631 1466 denticulis.prominentibus
1654 1395 1815 1470 exaspe-.

217 1499 333 1560 ratm·
363 1487 587 1564 Caulius-iu
614 1486 757 1590 pusiolo
778 1486 851 1564 late
876 1491 1077 1594 raginauti·
1102 1485 1393 1566 membranaceo
1411 1543 1413 1555 ·
1428 1487 1714 1592 bipiunatilida,
1748 1495 1815 1572 di·-

217 1614 407 1690 visionum
431 1615 642 1718 primarum
664 1615 812 1717 angulis
829 1618 974 1718 magnis
998 1631 1034 1692 et
1053 1618 1131 1692 sere
1150 1618 1272 1710 rectis,
1295 1617 1546 1732 secundarum
1571 1647 1661 1694 vero
1684 1625 1812 1700 scutis.

219 1743 308 1838 Quo
334 1747 455 1859 magis
481 1745 520 1820 in
547 1741 619 1820 liae
636 1744 830 1822 diuisione
868 1742 1001 1819 lolium
1044 1743 1235 1846 procedit,
1274 1769 1320 1820 eo
1359 1747 1477 1847 magis
1517 1745 1598 1845 ejus
1630 1747 1813 1867 latescunt

219 1887 433 1985 segmenta,
460 1901 625 2005 quorum
651 1875 784 1950 ultima
808 1872 936 1982 itaque
962 1881 1051 1945 sunt
1074 1868 1240 1974 oblonga
1263 1871 1521 1949 obtusiuscula
1546 1871 1626 1948 bi·
1657 1872 1715 1950 vel
1741 1875 1813 1948 tri·
1880 1885 1883 1890 “

216 1993 494 2102 pollicaria,
481 2029 568 2079 cum
582 1998 807 2079 latitudine
814 1997 1082 2105 se'luipollicari
1108 2004 1144 2074 e't
1169 1999 1350 2102 pollicari.
1418 2001 1634 2080 Substantia
1667 2027 1812 2096 eorum,

215 2145 355 2208 nervus
372 2119 598 2234 principalis
623 2145 659 2206 et
684 2154 819 2236 margo
849 2154 889 2207 se
914 2125 1057 2206 babent
1091 2127 1190 2202 utl
1178 2155 1219 2204 m
1230 2129 1357 2206 foliis
1381 2127 1608 2208 radicallbus
1634 2141 1672 2204 et
1697 2149 1814 2230 praei

214 2252 344 2336 sertim
376 2255 488 2335 illo
477 2283 518 2334 ιιι
547 2258 678 2356 loco,
695 2255 763 2335 ubr
788 2286 811 2335 a
847 2271 1041 2364 segmento
1070 2257 1261 2360 superiori
1290 2260 1466 2370 transitus
1492 2271 1548 2335 est
1571 2257 1620 2334 ad
1643 2259 1812 2352 inferius,

216 2399 320 2460 totus
344 2393 457 2488 asper
483 2402 540 2462 est
565 2410 708 2494 margo.
759 2388 929 2490 vaginae
956 2410 1154 2490 supremae
1179 2383 1820 2491 ιιρ1ιιι11ιι).11ιιι1ιι11ιιι)ιιιιιίιῐιιικ·ι

215 2515 338 2592 dietae
356 2515 630 2619 planiusculae.
680 2514 924 2596 Involucrum
950 2529 1152 2620 utrumque
1178 2514 1559 2622 subpeutapbyllum,
1581 2511 1759 2592 foliolis'
1748 2541 1814 2589 m·-

217 2642 440 2746 aequalibus
477 2641 696 2720 lanceolatis
731 2645 964 2722 acuminatis.
1037 2643 1276 2722 Umbellulae
1310 2645 1405 2722 radii
1435 2639 1664 2720 involucello
1694 2639 1813 2746 duplo

218 2769 429 2874 longiores:
467 2769 634 2866 flosculis
667 2771 915 2849 exterioribus
949 2771 1147 2868 masculis,
1192 2769 1434 2853 interioribus
1465 2767 1624 2873 totidem
1657 2767 1814 2846 herma·-

169 2901 172 2910 '
220 2886 453 3003 phroditicis.
516 2901 633 3013 Calyx
666 2899 835 3006 partialis
874 2897 1010 2980 nullus.
1081 2905 1208 2984 Petala
1242 2890 1422 3036 elliptica
1440 2890 1604 3002 integra,
1641 2896 1748 3000 apice
1764 2899 1814 2972 in

218 3055 378 3110 acumen
401 3029 625 3160 involutum
651 3023 883 3136 producto,
906 3013 1076 3134 aequalia
1118 3020 1264 3112 lutea.
1297 3034 1448 3148 Corpus
1481 3023 1786 3128 glandulosum
1775 3051 1814 3102 ιι)
1858 3048 1864 3056 ’

219 3155 402 3236 discum
380 3139 599 3262 insignem,
623 3157 859 3264 marginibus
884 3157 1015 3237 leviter
1040 3147 1243 3260 undulatis,
1271 3161 1477 3238 dilatatum.
1524 3153 1709 3231 Fructum
1735 3171 1815 3228 non

220 3287 385 3366 vidimus
408 3287 482 3362 nisi
509 3287 778 3390 immaturum,
820 3315 898 3390 quo
923 3301 1094 3392 tempore
1121 3306 1209 3368 octo
1233 3286 1353 3368 lineas
1379 3283 1588 3394 aequabat,
1615 3313 1701 3360 cum
1728 3281 1817 3358 lati-3

220 3417 352 3509 tudine
376 3396 537 3491 duarum
564 3413 768 3492 linearum:
801 3415 915 3534 bujus
940 3418 1130 3520 singulum
1156 3446 1306 3514 semen,
1331 3417 1380 3494 ad
1412 3417 1700 3496 commissuram
1727 3413 1815 3518 pla-

217 3527 335 3666 num,
368 3543 457 3625 iude
482 3544 669 3668 utrinque
688 3541 729 3619 in
764 3523 863 3620 alam
897 3561 1109 3641 extensum,
1137 3549 1179 3626 in
1214 3543 1330 3622 dorso
1362 3541 1512 3656 exhibet
1542 3547 1702 3652 angulos
1726 3561 1814 3659 tres,

218 3703 402 3796 quorum
397 3656 654 3751 ἰιιιιι1ιιιει11ιιι
680 3680 777 3750 alam
799 3675 932 3753 exserit
956 3662 1199 3752 lateralibus
1198 3673 1394 3750 minorem.
1447 3673 1504 3750 Ex
1528 3701 1607 3778 quo
1633 3677 1848 3780 suspicari.

219 3777 349 3900 licei,
356 3805 511 3906 stirpem
538 3774 707 3881 nostram
743 3803 791 3880 ad
818 3793 1058 3908 Thapsiae
1084 3829 1201 3904 genus
1229 3803 1437 3907 pertinere,
1467 3800 1595 3906 quod
1599 3817 1725 3890 tumen
1752 3803 1815 3878 ul-

218 3936 349 4011 teriori
374 3933 637 4020 observatione
664 3933 800 4008 maturi
825 3933 979 4008 seminis
1005 3945 1061 4008 est
1093 3932 1437 4007 confirmandum.
1446 3930 1684 4035 Specimina
1716 3929 1816 4008 ami-

218 4064 302 4138 ciss.
325 4059 524 4158 collector,
557 4058 671 4136 dubie
701 4074 840 4154 tamen,
877 4061 1081 4164 impertivit
1112 4087 1184 4162 pro
1222 4061 1481 4136 Pastinnca
1512 4063 1815 4162 opopanace,
1849 4155 1851 4160 Ι

220 4217 316 4294 quae
342 4190 462 4286 foliis,
487 4190 686 4267 involucro
707 4203 872 4294 utroque
894 4217 938 4266 ac
959 4190 1110 4266 tandem
1137 4189 1281 4284 fructu,
1315 4188 1512 4290 insigniter
1539 4183 1675 4264 differt.

334 4446 660 4549 Laserpitium
695 4443 1089 4546 peucedanoides
1118 4447 1164 4519 I..
1189 4441 1290 4522 foliis
1322 4384 1456 4532 ludere
1478 4465 1580 4518 nuuc
1605 4437 1814 4535 latioribus,

220 4574 430 4677 iisdemque
462 4569 724 4666 brevioribus,
743 4609 746 4623 ·
762 4599 867 4646 nunc
904 4571 1185 4674 angustioribus
1221 4573 1428 4672 iisdemque
1451 4565 1703 4671 longioribus,
1736 4569 1813 4668 jam

217 4703 373 4779 monuit
396 4701 677 4780 Wulleuius
703 4703 827 4802 (dacq.
853 4699 1123 4806 Coll.L221.).
1176 4705 1261 4808 llos
1285 4709 1463 4818 respectu
1482 4696 1582 4772 Las.
1608 4695 1813 4779 'siculum
1923 4745 1927 4754 .

1420 4826 1470 4904 6.
