4786 5996
1247 585 1538 666 ..20-

602 789 752 891 species.
810 788 893 862 Nos
928 779 1000 859 sub
1026 783 1099 858 isto
1136 781 1290 856 nomine
1320 808 1341 854 a
1369 776 1543 883 pluribus
1577 774 1775 854 Botaoices
1812 769 1940 874 guaris
1965 781 2002 842 et
2031 764 2080 840 ab
2103 765 2184 865 ipso

604 916 661 991 CI.
686 911 999 990 Ledebour.io
1036 937 1233 1014 nunquam
1269 911 1503 1012 accepimus,
1540 906 1785 1006 nisiPimp.
1812 897 2117 1005 peregrinam
2151 907 2186 965 et

602 1043 734 1118 sedula
767 1043 1049 1147 comparatione
1075 1041 1325 1116 Taurinorum
1359 1037 1607 1137 speciminum
1633 1063 1719 1108 cum
1745 1032 1899 1107 Gallicis
1926 1030 2024 1103 facta
2044 1021 2187 1096 nullum

496 1149 502 1156 ι
598 1171 804 1256 discrimen
836 1171 1191 1249 ammadvertimun·
1229 1170 1275 1241 In
1309 1171 1387 1268 quo
1413 1159 1529 1267 Igitur
1552 1165 1698 1268 positus
1723 1165 1776 1238 ‘sit
1799 1161 1889 1239 novi
1923 1152 2070 1256 geneda
2093 1149 2189 1223 elra-

601 1311 737 1390 taeter,
765 1299 846 1400 ipse
871 1300 972 1376 dieat
996 1298 1053 1374 CI.
1070 1297 1151 1390 vif,
1178 1294 1245 1398 qui
1265 1295 1360 1371 illud
1386 1294 1576 1386 condidit3
1602 1319 1699 1395 quae
1725 1293 1824 1367 euim
1849 1283 1988 1364 fructui
2014 1279 2190 1403 tribuun-

603 1440 668 1500 tur
699 1434 833 1502 “setae
870 1425 1141 1527 glocbideae'',
1195 1417 1236 1498 in
1267 1415 1415 1526 Pimp.
1456 1425 1719 1525 peregrina
1759 1447 1889 1496 revera
1925 1417 2191 1492 desiderantur.

602 1554 864 1654 flinc‘optimo
882 1553 1043 1628 oonsilio
1059 1546 1554 1629 novumLedebouriae
1580 1552 1619 1624 io
1640 1549 1889 1624 Liliacearom
1906 1544 2048 1621 familia
2064 1569 2191 1644 genus,

605 1653 670 1754 tali
705 1681 797 1756 viro
834 1679 1086 1774 celebrando,
1134 1681 1307 1756 condidit
1336 1677 1558 1754 Rothiua.
1582 1722 1636 1738 -
1685 1679 1795 1752 Hauc
1831 1690 2020 1750 caeterum
2051 1672 2193 1770 Pimp.
2247 1659 2251 1668 ¹

604 1811 919 1910 peregrinam
942 1810 1202 1908 magnitudine
1226 1805 1566 1909 quidemmultum
1592 1818 1743 1905 superat
1774 1803 2006 1904 Tragium
2032 1798 2194 1874 tenui-

602 1933 781 2023 Iulium
808 1939 967 2039 Spreng.
988 1937 1169 2038 (uvea
1187 1939 1271 2012 XV.
1292 1935 1460 2034 leg-4),
1482 1918 1594 2034 quod
1611 1921 1784 2034 Ragusae
1810 1963 1833 2011 a
1856 1934 1893 2010 b.
1918 1934 1973 2009 de
1994 1935 2193 2008 Porten—

606 2064 787 2167 scblag
807 2065 949 2142 lectum
976 2063 1233 2166 poosidemus:
1257 2062 1374 2138 caulis
1399 2064 1500 2138 enim
1526 2069 1586 2148 6-
1612 2061 1661 2136 ad
1686 2046 1919 2164 supedalis,
1957 2077 1995 2136 et
2018 2058 2194 2134 Iuliorum

608 2191 848 2268 caulinorum
894 2194 1025 2270 foliola
1068 2191 1310 2295 pinnatifida‚
1356 2192 1558 2291 segmentis
1598 2189 1781 2294 elongatis
1823 2190 2086 2286 filiformibus,
2123 2189 2195 2262 di·-

608 2319 851 2394 stinctionem
887 2327 1042 2395 suadere
1075 2323 1239 2422 possint:
1281 2334 1321 2394 at
1351 2346 1395 2393 ex
1423 2317 1689 2396 observatione
1720 2321 1759 2396 b.
1782 2318 1995 2397 collectoris
2029 2335 2085 2398 est
2118 2319 2193 2419 ejus

609 2477 714 2524 mera
741 2451 921 2544 varietas,
961 2450 1023 2524 cui
1047 2449 1200 2552 quidem
1227 2449 1431 2523 sententiae
1456 2461 1492 2521 et
1516 2473 1588 2522 nos
1609 2445 1770 2525 libenter
1793 2449 2075 2527 subscribimus.

608 2766 627 2805 ².
720 2708 1042 2810 Pimpinella'e
1075 2712 1373 2788 aromaticae
1397 2711 1506 2808 Mn,
1541 2737 1639 2816 quae
1665 2701 1836 2814 proxime
1863 2739 1950 2788 cum
1975 2716 2017 2789 P.
2041 2709 2193 2788 bubo·

607 2835 757 2920 uoide
795 2839 900 2912 Brot.
924 2841 1201 2941 comparanda,
1242 2842 1431 2944 specimen
1468 2867 1514 2916 ex
1546 2842 1727 2915 Armenia
1758 2841 1912 2918 allatum
1941 2843 1982 2918 in
2019 2839 2192 2916 herbario

607 2961 862 3040 Vaillantiauo
888 2967 1074 3064 vidimus,
1109 2997 1196 3046 cum
1219 2969 1409 3072 adscripto
1433 2971 1608 3045 nomine:
1645 2973 1798 3048 Cicutae
1824 2969 2015 3048 orientalis
2035 2969 2191 3045 uiiuoria

608 3092 758 3195 patulae
784 3097 905 3174 Dauci
938 3097 1035 3173 facie
1068 3099 1214 3175 Toum.
1249 3103 1338 3177 Cor.
1359 3119 1422 3187 21.
1473 3104 1576 3176 Num
1596 3113 1723 3179 tamen
1745 3129 1833 3186 rere
1857 3100 1935 3178 boc
1957 3096 2191 3176 referendum

608 3220 657 3297 sit
676 3219 772 3297 illud
797 3249 1057 3330 synonymon,
1084 3226 1208 3306 adbuc
1232 3257 1412 3334 quaerere
1439 3227 1534 3306 licet.

730 3485 863 3561 Sium
898 3487 1274 3588 angustifoliom
1304 3495 1350 3569 L.
1401 3493 1437 3569 A
1467 3495 1595 3597 planta
1620 3499 1822 3602 Europaeo
1849 3473 2046 3575 notissima
2071 3499 2189 3574 Can-'

610 3611 793 3690 dollius
813 3615 962 3716 (Prode.
976 3620 1043 3694 IV.
1071 3623 1172 3722 125.)
1198 3621 1392 3724 distinguit
1416 3625 1624 3726 Capensem
1648 3625 1698 3701 ab
1719 3626 1923 3702 Eclonio
1950 3624 2101 3720 lectam,
2131 3624 2189 3700 cui

610 3742 682 3817 Sii
720 3739 1023 3849 'I'bunbergii
1056 3778 1200 3827 nomen
1228 3752 1402 3854 imponit.
1453 3755 1535 3828 Nos
1568 3753 1727 3831 sollicita
1764 3756 1959 3858 utriusque
1990 3745 2189 3857 compara-

613 3869 737 3964 tione,
761 3871 793 3946 ei
819 3878 1040 3973 posterioris
1065 3877 1237 3956 habitum
1256 3878 1371 3982 paulo
1397 3877 1516 3984 magis
1531 3883 1696 3987 rigidum
1722 3884 1902 3988 excipias,
1925 3884 2069 3962 nullum
2095 3910 2188 3962 con·

613 4012 715 4074 stans
736 3999 938 4078 discrimen
963 4001 1135 4109 detegere
1157 4010 1363 4112 potuimus.

707 4260 864 4336 'Sium
898 4265 1265 4346 cicutaesoliorn
1299 4273 1330 4346 J.
1355 4275 1397 4349 F.
1424 4274 1565 4350 Gmel.
1608 4279 1729 4378 (Syst.
1755 4288 1831 4350 nat.
1857 4273 1914 4349 ed.
1934 4271 2036 4348 XIII.
2074 4273 2116 4345 T.
2142 4269 2186 4342 11.

617 4390 718 4487 482.)
754 4405 810 4464 est
831 4389 981 4492 planta,
1020 4423 1100 4472 non
1121 4399 1244 4474 solum
1275 4427 1345 4502 per.
1369 4430 1520 4478 omnem
1543 4402 1761 4480 orientalem
1788 4399 1963 4478 Sibiriam
1985 4397 2188 4490 distributa,

618 4527 686 4612 Εὖ
718 4523 832 4602 etlam
853 4541 937 4622 'per
966 4551 1141 4626 magnam
1167 4530 1364 4604 AmerIcae
1396 4532 1698 4634 septentrionalis
1722 4547 1877 4635 partem.
1928 4527 2069 4604 Eadem
2092 4526 2187 4600 enim

620 4651 782 4750 Species,
824 4649 964 4726 foliolis
999 4670 1143 4730 tantum
1184 4658 1298 4760 paulo
1335 4661 1615 4762 angustioribus
1649 4676 1684 4735 et
1720 4661 1832 4736 simul
1869 4657 2100 4762 longioribus
2137 4669 2188 4731 est

622 4782 750 4858 Slum
777 4781 2191 4896 linearelimbumquoaddescriptionemclvirorumnliehauxii,
