4830 5996
867 581 1160 661 ...5-

213 765 403 870 plerisque
437 764 596 844 floribus
626 766 787 871 papillas
819 773 955 846 exserit
986 771 1182 848 secretibni
1216 798 1259 848 ac
1292 775 1520 876 resorptioni
1553 777 1808 876 inservituros,

213 893 357 999 absque
388 895 527 974 talibus
559 912 616 1008 est
646 898 685 972 in
709 895 1042 975 Umbelliierarum
1074 913 1156 974 toto
1191 901 1343 995 ordine,
1383 900 1493 1003 quale
1527 901 1618 980 illud
1648 909 1758 984 etiam
1789 937 1810 985 c

211 1023 418 1136 tjoentculo
445 1026 565 1127 pingit
591 1024 889 1129 Malpighius
919 1029 1041 1130 (Opp.
1064 1055 1166 1104 omn.
1189 1031 1218 1104 1.
1248 1043 1272 1106 t.
1291 1047 1351 1116 32.
1377 1032 1418 1104 F.
1446 1047 1531 1126 192.
1553 1033 1628 1132 Ε.)·.
1671 1121 1674 1130 1
1724 1051 1728 1060 ’

944 1399 981 1502 5.
1036 1399 1078 1477 a.

621 1577 1117 1657 unannmrnmnun
1151 1581 1402 1658 rnucrns.

180 1842 186 1853 ι
327 1785 661 1866 Umbellilerarum
696 1789 867 1892 speciosa
911 1785 1035 1864 tribus
1073 1785 1112 1862 id
1152 1784 1268 1864 habet
1312 1813 1399 1864 cum
1431 1783 1631 1864 Ruhiaceis
1658 1813 1809 1890 ,quant-

211 1911 385 2016 plurimis
426 1941 652 2010 commnne,
675 2011 680 2022 .
700 1915 813 1992 simul
856 1929 981 1992 autem
1026 1941 1119 2018 prae
1155 1915 1310 1992 cacteris
1354 1912 1569 2018 plantarum
1609 1914 1808 1994 ordinibus

211 2041 417 2142 peculiare:
452 2045 557 2148 quod
583 2045 728 2122 fructus
753 2045 878 2152 calyce
906 2043 963 2124 rel
996 2043 1160 2121 evidenti
1189 2043 1248 2122 vel
1274 2040 1448 2120 obsoleto
1475 2054 1702 2142 coronatus,
1736 2042 1808 2121 sub

212 2171 423 2250 maturitate
456 2170 780 2275 longitudinaliter
813 2201 881 2276 per
906 2172 1072 2249 medium
1099 2161 1276 2268 finditur,
1318 2171 1370 2246 ita
1397 2170 1573 2273 quidem,
1605 2187 1648 2246 ut
1674 2171 1809 2276 calycis

213 2296 381 2377 dentium
402 2325 490 2404 para
514 2299 622 2394 huic,
644 2327 732 2402 para
753 2316 879 2378 autem
902 2299 955 2378 illi
976 2299 1171 2378 inhaereat
1193 2312 1398 2401 segmento.
1450 2301 1549 2376 Hinc
1567 2302 1810 2380 liinnaeua
1883 2379 1891 2392 ,

211 2427 250 2500 in
289 2429 386 2508 Gen.
426 2428 544 2530 plant
587 2429 723 2522 docet,
780 2426 1114 2504 Umbelliserarum
1158 2429 1324 2504 fructum
1370 2427 1593 2505 maturitatis
1639 2443 1809 2532 tempore
1869 2426 1881 2440 '

211 2551 383 2629 secedere
416 2557 456 2630 in
498 2554 643 2630 semina
680 2555 758 2639 duo
792 2553 1005 2654 pericarpio
1046 2554 1244 2650 destituta,
1295 2554 1459 2656 ideoque
1495 2554 1599 2630 nuda
1637 2555 1810 2650 dicenda,

140 2655 145 2665 ι
212 2705 325 2782 quern
352 2681 503 2783 quidem
528 2679 711 2786 loquendi
746 2677 905 2756 modum
932 2681 1095 2758 servavit
1119 2683 1213 2758 Jos.
1239 2683 1551 2758 Gaertnerus.
1613 2682 1685 2756 Hic
1708 2684 1808 2758 enim

213 2807 304 2884 dum
329 2809 494 2888 rationes
516 2811 671 2913 exponit
702 2813 851 2906 (Fruct.
876 2822 914 2886 et
938 2808 1070 2884 semin.
1090 2809 1119 2883 l.
1142 2811 1261 2909 praef.
1281 2817 1380 2910 aa),
1413 2836 1510 2914 quae
1535 2808 1596 2884 isti
1620 2811 1846 2886 servando·

212 2938 358 3032 favent,
391 2934 503 3016 simul
529 2951 678 3032 monet,
713 2937 838 3014 stricte
861 2934 1056 3037 loquendo
1078 2933 1224 3011 nullum
1247 2961 1376 3014 semen
1399 2965 1478 3016 esse
1502 2939 1670 3036 nudum3
1703 2941 1807 3043 quod

213 3064 288 3161 jam
322 3080 408 3142 ante
435 3067 702 3142 Linnaeum
734 3063 902 3163 Rajus,
947 3065 987 3142 C.
1008 3063 1247 3140 Knautiua
1282 3065 1423 3165 (Meth.
1448 3067 1608 3170 plantat.
1634 3067 1808 3168 genuina.

216 3193 323 3292 16.),
359 3193 500 3297 aliique
542 3206 801 3302 exposuerant.
876 3193 957 3266 Nec
1004 3190 1130 3268 minus
1177 3194 1200 3267 J
1208 3193 1433 3274 ussiaeus
1472 3195 1807 3274 Umbelliserarum

214 3319 447 3400 characteres
482 3319 632 3398 tradens
665 3322 785 3421 (Gen.
815 3317 933 3421 plant
955 3335 1043 3404 240.
1069 3319 1200 3419 2430,
1246 3323 1439 3426 principiis
1472 3326 1700 3404 Linnaeauis
1736 3329 1808 3402 ad-

214 3447 356 3541 haesit,
410 3448 551 3551 pariter
590 3445 913 3544 Schreberus,
968 3445 1231 3542 smithius,
1276 3447 1350 3526 alii.
1433 3451 1639 3530 Audaciori
1681 3469 1807 3532 tantm

215 3577 374 3656 consilio
413 3579 469 3656 Cl.
496 3579 565 3654 Vir
599 3579 642 3651 L.
671 3577 714 3656 C.
740 3573 1021 3654 Richardus
1064 3578 1223 3654 seminis.
1260 3578 1353 3652 nudi
1395 3579 1590 3658 notionem
1631 3609 1806 3660 sensuum

214 3707 356 3804 judicio
379 3705 533 3809 quidem
556 3719 790 3800 excusatam,
814 3731 835 3780 a
859 3703 1095 3809 physiologia
1119 3731 1210 3781 sana
1232 3734 1323 3786 vero
1345 3708 1618 3812 improbatam,
1644 3712 1807 3814 ideoque

215 3860 234 3907 e
269 3836 450 3912 Botanica
486 3836 645 3910 omnino
681 3831 949 3910 eliminandam
988 3859 1067 3908 esse
1103 3834 1249 3916 censuit
1295 3839 1380 3933 (Du
1413 3838 1515 3916 fruit.
1544 3845 1639 3942 25.)
1707 3845 1807 3920 Hinc

214 3965 351 4066 partim
384 3963 571 4066 sepositos
600 3961 850 4056 resuscitavit,
883 3961 1021 4064 partim
1048 3986 1171 4038 novos
1197 3961 1368 4039 condidit
1391 3967 1573 4044 terminos
1599 3967 1752 4044 Aleuae
1778 3997 1806 4046 a.

212 4091 347 4168 Akenii
378 4106 414 4168 et
438 4092 661 4194 Caryopais,
699 4113 862 4190 quorum
897 4090 1003 4191 prior
1034 4091 1107 4192 ipsi
1139 4089 1325 4192 significat
1352 4093 1516 4172 fructum
1552 4097 1692 4172 siccum
1725 4123 1805 4174 non

137 4287 140 4294 .
213 4195 464 4296 dehiscentem
499 4245 831 4321 monospermunr,
848 4292 851 4298 ,
867 4216 974 4317 cujus
1005 4217 1163 4294 interior
1194 4219 1412 4322 superficies
1446 4249 1467 4298 a
1500 4225 1655 4301 seminis
1680 4228 1806 4302 tunica

215 4349 371 4450 propria
404 4348 578 4424 distincta
614 4373 659 4424 ac
687 4361 859 4448 separata
894 4347 965 4442 sit,
1009 4347 1105 4422 sicut
1140 4347 1180 4420 in
1216 4347 1436 4426 Alismaceis
1477 4379 1521 4428 ac
1557 4351 1805 4458 Thymelaeis.

215 4461 362 4571 Quibus
388 4477 489 4560 notis
511 4475 658 4554 addidit
682 4471 987 4554 Candolliua:
1021 4474 1127 4576 quod
1153 4474 1263 4550 simul
1291 4477 1426 4584 calycis
1452 4481 1683 4582 persistentis
1710 4478 1804 4556 tubo

212 4605 380 4683 inclusus
405 4632 450 4682 ac
475 4631 562 4682 cum
588 4629 634 4680 eo
659 4617 844 4682 connatus
868 4616 923 4678 est
944 4602 1027 4680 tulis
1049 4605 1192 4684 fructus
1216 4585 1803 4707 (Theo.e'ltment.d.‘1.uot.2.

214 4733 295 4836 ed.)
337 4749 373 4810 et
412 4748 613 4837 propterea
652 4729 983 4810 Umbelliscrarum
1027 4733 1191 4812 fructum
1235 4733 1449 4814 Achenium
1488 4753 1684 4844 nuncupat
1726 4740 1803 4840 (Fl.
