4830 5996
1264 525 1553 609 ...74-

1368 773 1377 790 .
1431 717 1473 792 2.

1158 717 1657 948 VAnglsNERIA.

726 1040 889 1145 Capsula
924 1039 1131 1140 (intvall.
1165 1039 1343 1144 spirali
1377 1044 1436 1142 L.)
1473 1041 1697 1146 cylindrica,
1746 1043 1843 1122 duos
1885 1061 2006 1121 trcsre
2044 1044 2198 1148 pollices

612 1168 725 1272 longa
755 1171 1018 1274 sesquilineam
1047 1171 1141 1264 lata,
1180 1169 1262 1246 basi
1296 1185 1486 1248 attenuata
1519 1171 1656 1246 sensim
1691 1171 1865 1248 desinens
1896 1174 1935 1248 in
1962 1172 2199 1274 pedicellum,

611 1295 1013 1402 bacqueextremitate
1040 1300 1194 1402 spathae
1227 1299 1423 1402 reliquias,
1465 1300 1562 1374 sicut
1587 1299 1701 1374 altera
1727 1300 1892 1402 calycem
1922 1301 2196 1402 persistentem,

610 1444 843 1525 sustentans,
869 1426 1110 1504 unilocularis
1137 1428 1289 1501 demum
1315 1425 1658 1530 longitudinaliter,
1694 1428 1759 1502 sed
1786 1411 1991 1534 interrupte
2018 1446 2054 1506 et
2076 1433 2195 1507 modo

609 1558 876 1662 subirregulari
903 1555 1117 1650 dehiscens,
1155 1553 1382 1657 parietibus,
1421 1554 1593 1655 quamvis
1619 1555 1817 1650 coriaceis,
1853 1557 2029 1635 tenuibus
2055 1575 2193 1654 tamen,

533 1669 538 1678 ⁵
610 1687 818 1789 iisdemque
842 1685 914 1762 sub
947 1685 1045 1776 lente
1074 1683 1262 1787 punctatis
1292 1683 1386 1783 (rig.
1411 1689 1633 1780 nostr.z11.).
1685 1684 1837 1759 Semina
1864 1682 2046 1786 plurima,
2073 1687 2198 1791 cylin-

609 1815 733 1909 drica,
765 1812 1086 1916 longitudinaliter
1111 1811 1325 1887 tenuissime
1352 1807 1512 1904 sulcata,
1546 1808 1695 1911 apiculo
1720 1809 1827 1891 brevi
1853 1828 2056 1910 coronata,
2088 1816 2196 1890 suni-

575 1949 586 1958 “
610 1945 696 2022 culo
723 1943 931 2028 umbilicali
958 1942 1137 2042 ejusdem,
1164 1969 1277 2042 quam
1304 1959 1432 2016 semen
1456 1938 1572 2014 habet
1597 1942 1740 2042 ipsum,
1774 1940 2022 2043 longitudinis
2053 1941 2199 2018 adbae-

609 2075 730 2148 rentia
756 2073 851 2174 (rig.
877 2085 996 2147 nostr.
1021 2073 1118 2164 43.),
1164 2069 1293 2143 omnia
1319 2070 1462 2177 apicem
1489 2097 1619 2146 versus
1655 2072 1695 2144 in
1721 2067 1895 2171 capsulae
1921 2096 2014 2146 caro
2041 2071 2195 2168 directa,

610 2201 777 2299 ejusdem
803 2198 937 2301 parieti
968 2197 1138 2274 interiori
1165 2192 1307 2296 absque
1333 2196 1467 2280 ordine
1493 2197 1615 2272 adfixa
1640 2199 1733 2301 (rig.
1756 2213 1875 2274 nostr.
1899 2199 1985 2298 42).
2037 2200 2195 2300 Integu-

609 2345 781 2406 mentum
818 2325 969 2404 seminis
1002 2350 1082 2398 non
1118 2321 1320 2402 observare
1346 2327 1615 2427 contigitnisi
1642 2329 1822 2422 *unicum3
1866 2321 1963 2404 Clar.
1991 2329 2047 2403 vir
2080 2331 2123 2404 L.
2151 2331 2193 2404 C.

562 2485 567 2492 ’
598 2455 826 2540 ,Richard
852 2455 986 2550 (Mem.
1003 2477 1033 2526 s.
1053 2450 1078 2524 l.
1096 2448 1446 2554 Hydrocharide'es3
1480 2455 1594 2531 Mem.
1614 2455 1779 2530 InstFr.
1804 2471 1914 2542 1811.
1936 2457 2034 2552 ll.)
2023 2483 2195 2558 ipsorum

609 2585 687 2661 duo
723 2583 937 2703 distinguit,
977 2607 1141 2688 quorum
1176 2580 1334 2656 exterius
1369 2597 1479 2657 vocat
1510 2565 1712 2656 coriaceo-
1722 2581 2050 2690 membranaceum
2075 2581 2197 2659 flare-

610 2739 736 2810 scens,
778 2710 935 2838 interius
969 2711 1300 2792 membranaceum
1333 2707 1503 2786 albidum
1538 2695 1810 2822 transparens'.
1856 2686 2067 2814 Erribryb
2062 2711 2196 2786 semini

611 2837 856 2919 conformis
845 2823 1034 2946 rriyersus:
1076 2835 1277 2962 cotyledon
1303 2851 1491 2916 attenuata
1518 2839 1631 2914 enim
1628 2839 1729 2950 ejus
1762 2836 1843 2915 bas'
1814 2854 1880 2915 sm
1876 2817 2070 2956 'respicit,
2104 2866 2193 2942 pars

611 2963 861 3078 embryonis
861 2970 951 3074 re'r'o
986 2968 1149 3043 crassior
1176 2983 1212 3042 et
1245 2967 1382 3080 obtusa
1409 2977 1559 3044 surstrm
1591 2983 1760 3070 spectat.
1801 2959 2001 3043 Gem'mam
2033 2965 2089 3044 Cl.
2114 2969 2194 3042 lti-

610 3103 755 3181 chard
783 3099 910 3180 medio
937 3097 1083 3172 circiter
1108 3094 1334 3208 embryonis
1352 3099 1503 3201 coiporr
1493 3093 1737 3172 inclusam
1737 3069 1961 3204 conspexit,
1976 3094 2123 3172 nobis
2113 3123 2196 3200 ipsa

609 3231 812 3332 lateraliter
835 3257 854 3307 e
880 3223 1067 3330 superiori
1099 3223 1317 3330 embryonis
1353 3241 1459 3329 parte
1485 3226 1640 3328 prodire
1666 3223 1861 3307 observata
1890 3240 1945 3301 est
1972 3223 2043 3302 sub
2067 3229 2194 3301 forma

609 3358 825 3465 corpusculi
859 3355 999 3448 conici,
1039 3351 1144 3453 cujus
1169 3379 1263 3456 apex
1297 3355 1456 3431 eandem
1492 3356 1758 3452 directionem,
1801 3355 1951 3460 qualem
1978 3353 2192 3460 cotyledon,

609 3503 744 3584 servat,
771 3489 796 3565 i.
817 3513 848 3562 e.
872 3483 1052 3559 deorsum
1078 3485 1301 3558 directaest
1332 3485 1433 3587 (rig.
1449 3497 1567 3559 nostr.
1584 3489 1674 3583 44).
1724 3477 1775 3560 Et
1799 3481 1892 3560 haec
1917 3485 2069 3586 quidem
2097 3509 2197 3558 con-

608 3617 787 3696 formatio
816 3611 937 3714 ma'gis
960 3613 1135 3688 convenit
1165 3608 1334 3714 regulae,
1367 3613 1721 3720 secandum·quam
1744 3611 1846 3715 apud
1871 3609 2193 3715 Monocotyledo-

609 3770 699 3820 neas
726 3730 1027 3820 exalbuminosas
1048 3741 1196 3845 ‘gemma
1221 3739 1325 3814 nulla
1352 3739 1585 3844 cotyledonis
1610 3741 1818 3818 substantia
1832 3735 1954 3846 tecta,
1988 3735 2052 3814 sed
2078 3735 2194 3832 nuda,

610 3887 647 3948 et
679 3872 799 3974 magis
831 3869 1005 3974 quidem,
1048 3860 1173 3973 quain·
1198 3867 1301 3972 apud
1338 3867 1725 3974 Monocotyledoneas
1756 3867 1947 3969 alblurninte
1982 3865 2193 3974 instructas,

611 3999 764 4080 eroluta
789 4025 867 4076 esse
898 3996 992 4076 solet
1024 4001 1111 4102 (Op.
1135 4013 1255 4076 nostr.
1280 4025 1351 4077 von
1378 3998 1412 4073 d.
1429 4001 1620 4076 Entwickl.
1646 4006 1711 4075 des
1735 4001 1912 4097 Embryo.
1938 4000 2025 4100 29.).
2051 4002 2055 4013 '

1136 4249 1140 4279 t
1211 4235 1271 4258 '¹
1359 4299 1369 4318 ·
1423 4243 1495 4318 5.,
1549 4249 1554 4286 2

986 4243 1752 4488 znnnicnnnnln

702 4572 772 4675 Ab
805 4563 877 4651 isto
887 4532 1067 4676 genere,
1113 4567 1218 4670 cujus
1248 4561 1541 4671 pulcherrimam
1575 4510 1767 4677 analysin·
1777 4574 1918 4677 pariter
1948 4573 2196 4653 Richardo

608 4700 706 4800 patri
738 4697 917 4777 debemus
955 4702 1070 4802 (Ann.
1098 4699 1150 4773 du
1182 4703 1281 4775 Mus.
1308 4703 1345 4775 d’
1366 4703 1460 4776 Hist.
1488 4715 1562 4776 nat.
1587 4704 1708 4778 XVII.
1734 4723 1819 4793 234.
1844 4710 1942 4784 LV.
1968 4705 1994 4780 Ι.
2019 4721 2081 4794 38.
2108 4709 2200 4802 39.),
