4830 5996
1261 483 1554 564 ...73-

614 683 821 788 gitudinem
850 681 927 756 ser'c
953 671 1189 783 'cotyledonis
1215 675 1341 773 babet,
1364 675 1472 776 cujus
1496 674 1612 778 plano
1639 675 1745 753 lateri
1763 672 2061 782 '(lli5.nostr.53.
2080 681 2202 783 littz.)

614 817 698 916 ipsa
723 825 823 888 arcte
847 807 1067 911 adplicatur,
1094 820 1281 882 caeterum
1308 835 1397 885 vero
1426 809 1584 884 omnino
1610 803 1729 884 libera
1754 821 1820 883 est.
1872 805 2060 910 Singulari
2082 813 2201 888 modo

524 943 529 962 ⁶
613 951 844 1045 formatur-e
872 936 1110 1040 processibus
1141 935 1412 1013 loliilormibus
1446 934 1631 1012 subulatis
1657 933 1880 1038 plerumque
1907 941 2074 1034 octonis,
2113 940 2203 1016 lon·

614 1076 782 1178 giturlioc
808 1059 1070 1170 inaequalibus
1100 1063 1352 1167 complicatis,
1385 1077 1516 1164 estque
1539 1065 1620 1166 ipsa
1645 1059 1698 1138 illi
1719 1064 1871 1140 seminis
1896 1063 2002 1143 lateri
2022 1066 2203 1170 subjecta,

616 1231 695 1307 quo
722 1203 818 1278 linea
842 1199 905 1275 illa
928 1193 1068 1270 elevata
1093 1191 1226 1296 (caphe
1245 1195 1309 1290 G.)
1332 1193 1506 1268 demerit.
1557 1191 1882 1268 Germinationcm
1910 1191 2022 1292 hujus
2048 1197 2202 1273 seminis

615 1347 666 1407 ut·
684 1353 1000 1434 provocaremus,
1042 1351 1195 1401 omnem
1231 1348 1386 1427 operam
1419 1317 1694 1425 impendimus,
1738 1320 1805 1396 sed
1838 1321 1909 1396 res¹
1933 1347 2013 1396 non
2038 1323 2083 1398 'ex
2110 1338 2201 1402 voto

614 1460 809 1537 successit:
845 1455 882 1529 id
909 1467 1056 1528 tantum
1084 1450 1287 1546 effecimus,
1313 1465 1357 1526 ut
1383 1449 1552 1554 plumula
1577 1449 1795 1548 erigeretur,
1821 1447 1977 1552 ejusque
2002 1455 2200 1551 processus

614 1613 696 1664 ase
723 1585 882 1659 invicem
909 1579 1161 1672 discederent,
1183 1577 1295 1656 simul
1321 1579 1543 1684 cotyledone
1567 1602 1701 1684 parum
1728 1575 1898 1652 adaucta,
1949 1581 2047 1657 Satis
2073 1594 2200 1658 tamen

613 1723 780 1815 apparet,
807 1737 887 1785 esse
911 1706 1017 1802 illud,
1043 1707 1365 1810 quemadmodum
1390 1707 1557 1816 plurium
1581 1708 1756 1810 stirpium
1778 1707 2036 1810 aquaticarum
2059 1735 2200 1804 semen,

613 1837 990 1944 Monocotyledoneis
1017 1834 1307 1914 exalbumiuosis
1333 1836 1624 1914 adcensendum.

1369 2135 1475 2212 με.

1243 2137 1611 2368 alces*

537 2559 543 2574 ⁸
594 2501 599 2520 ¹
732 2472 886 2544 Tacca
927 2461 1225 2566 pinnatifida
1257 2464 1299 2538 F.
1327 2490 1413 2540 cum
1438 2462 1551 2540 nobis
1577 2463 1616 2538 in
1642 2459 1758 2538 horto
1783 2461 1962 2539 botanico
1988 2461 2200 2543 Wratisla-

613 2596 732 2674 viensi
759 2592 874 2670 semel
897 2594 1033 2667 llorem
1059 2594 1223 2666 fructum
1250 2604 1439 2666 maturum
1477 2591 1643 2685 dederit,
1676 2603 1756 2666 tum
1782 2591 1916 2687 istum,
1953 2603 2035 2666 tum
2056 2593 2201 2692 germi-

491 2747 495 2761 ·
613 2726 805 2802 nationem
834 2719 1037 2798 observare
1065 2718 1267 2819 potuimus.
1315 2719 1476 2794 Fructus
1511 2718 1802 2822 descriptionem
1834 2747 1879 2797 ec
1910 2719 2201 2798 delineationem

615 2854 798 2958 optimam
834 2851 1109 2925 Gaertnero
1147 2845 1329 2922 debemus
1367 2844 1415 2948 (l.
1438 2873 1469 2920 c.
1495 2847 1522 2920 1.
1548 2862 1611 2932 43.
1637 2861 1663 2923 t.
1687 2849 1784 2948 14),
1820 2843 2038 2954 embryonis
2071 2864 2201 2928 tamen

612 2985 653 3058 in
687 2977 894 3058 seminibus
923 2975 1063 3053 nostris
1095 2972 1306 3050 recentibus
1342 2971 1464 3070 majus
1497 2972 1676 3052 volumen
1715 2989 1885 3076 respectu
1921 2975 2125 3056 albumiuis
2163 2993 2201 3058 et

612 3115 737 3188 forma
763 3109 938 3185 eborata.
990 3103 1288 3207 Germinationis
1311 3102 1451 3185 modus
1477 3117 1601 3180 exacte
1627 3102 1759 3180 similis
1785 3102 1851 3199 illi,
1877 3109 1943 3208 qui
1966 3108 2008 3184 in
2030 3111 2062 3186 C
2068 3109 2202 3214 ycla..

613 3239 739 3316 mine
765 3235 1007 3314 observatur:
1047 3259 1067 3308 e
1090 3231 1242 3308 seminis
1269 3231 1369 3306 enim
1396 3231 1626 3308 extremitate
1651 3233 1859 3336 angustiori
1885 3237 2082 3336 processus
2108 3235 2200 3312 lon·-

612 3367 788 3472 gissimus
810 3369 1018 3457 exseritur,
1060 3360 1166 3459 cujus
1189 3359 1400 3436 extremitas
1423 3360 1557 3436 semini
1583 3364 1758 3465 contigua
1786 3364 1911 3440 statim
1931 3365 1972 3440 in
1997 3361 2108 3440 tuber
2133 3365 2201 3443 iu·-

613 3499 747 3591 flator,
780 3495 871 3570 dum
895 3491 1010 3568 altera
1035 3486 1254 3565 radicularis
1280 3487 1389 3564 altius
1412 3502 1551 3566 terram
1577 3493 1681 3592 petit.
1732 3495 1765 3569 Ε
1790 3491 1921 3568 tubere
1944 3507 2035 3568 tunc
2058 3488 2200 3568 latera-

611 3629 696 3704 litcr
731 3626 906 3726 utrinque
937 3616 1107 3696 radicula
1144 3614 1383 3712 secundaria,
1424 3643 1586 3719 superne
1619 3634 1744 3696 autem
1776 3648 1926 3722 gemma
1952 3621 2093 3724 prodit
2124 3620 2196 3698 sub

611 3761 736 3834 forma
763 3747 954 3844 cauliculi,
997 3743 1103 3845 cujus
1133 3744 1307 3845 superior
1338 3771 1427 3848 pars
1458 3748 1564 3851 apice
1599 3776 1669 3826 suo
1701 3751 2098 3855 deorsum-spectans,
2143 3750 2199 3828 ibi

557 3985 565 4006 ,
610 3885 653 3958 in
674 3881 921 3984 appendicem
943 3875 1187 3952 foliilormem
1210 3873 1397 3952 dilatatur.
1443 3878 1548 3953 llaec
1569 3877 1660 3956 dum
1681 3881 1789 3978 fiunt,
1815 3879 2017 3987 cotyledon
2037 3879 2198 3958 indivisa

611 4015 709 4088 intra
733 4008 969 4115 perispcrmii
1007 4005 1256 4084 substantiam
1292 4031 1394 4080 nunc
1427 4017 1656 4084 attenuatam
1687 4026 1843 4114 augetur
1878 4010 2055 4115 quidem,
2092 4005 2197 4084 haud

612 4155 739 4216 umen
765 4139 910 4214 formae
937 4137 1184 4214 mutationem
1209 4130 1322 4211 subit.
1373 4135 1545 4212 Tandem
1570 4165 1742 4242 gemma,
1766 4139 1813 4216 de
1839 4167 1916 4244 qua
1941 4137 2125 4228 diximus,
2158 4135 2197 4210 in

504 4293 517 4320 ·
610 4269 744 4342 lolium
768 4266 933 4368 primum
965 4262 1175 4342 solitarium
1202 4263 1386 4342 evolvitur
1416 4267 1520 4368 (rig.
1547 4281 1665 4343 nostr.
1690 4283 1753 4355 54.
1779 4273 1881 4370 55.);
1922 4283 2001 4371 quo
2027 4281 2197 4370 tempore

609 4393 722 4470 simul
746 4392 947 4498 cotyledon
970 4395 1149 4470 exarescit
1173 4409 1210 4469 et
1230 4419 1306 4470 una
1332 4419 1419 4469 cum
1443 4395 1596 4470 seminis
1618 4397 1823 4474 involucris
1847 4399 2031 4474 secedite
2053 4393 2198 4490 tubere,

607 4549 710 4597 nunc
736 4524 775 4598 in
802 4523 947 4625 insigne
976 4522 1154 4599 volumen
1181 4553 1268 4600 cum
1289 4526 1412 4626 figura
1437 4521 1672 4626 subglobosa
1693 4525 1846 4630 evoluto
1870 4541 1982 4631 atque
2009 4527 2196 4606 radiculas

609 4649 823 4752 complures
849 4667 1048 4728 exserente.
1083 4698 1135 4714 -
1174 4655 1255 4749 His,
1287 4681 1384 4758 quae
1408 4653 1662 4757 exposuimus,
1695 4681 1774 4732 non
1799 4657 1956 4732 omnino
1985 4657 2198 4736 conformia
