4786 5996
854 519 1150 614 „es-

202 741 282 796 non
306 711 631 806 maturavimus,
664 711 853 814 εἰςιίἀεω
877 711 1109 800 mutationes
1136 705 1185 786 ad
1211 709 1464 790 maturitatem
1490 737 1610 815 usque
1635 721 1790 797 eontin-

202 861 336 952 geutes
362 871 408 922 ex
432 841 630 944 hueusque
653 840 833 944 expositis
855 839 963 918 facile
988 851 1148 945 possunt
1172 833 1311 940 colligi.

314 975 469 1068 Restat,
500 983 545 1046 nt
567 968 802 1072 inquiramus
824 969 864 1046 in
889 971 1047 1054 nomina
1071 969 1257 1072 partium,
1282 995 1445 1072 quarum
1466 972 1609 1048 formas
1635 1001 1679 1050 aa
1700 1003 1793 1054 mu.

198 1103 362 1180 tationes
386 1126 502 1204 supra
528 1098 778 1201 exposuimus.
839 1095 894 1174 cl.
917 1099 1212 1180 Gaertnetus
1239 1095 1280 1170 in
1306 1099 1479 1200 Trapa,
1515 1112 1602 1200 post
1625 1100 1790 1182 demtum

197 1257 358 1324 nucem,
379 1257 458 1306 uon
481 1240 676 1305 enumerat
699 1225 774 1302 nisi
792 1229 946 1304 unicum
968 1226 1122 1304 seminis
1147 1222 1408 1304 involucrum:
1440 1251 1512 1302 nos
1539 1226 1633 1306 illud
1659 1231 1793 1312 saltem

200 1355 341 1460 duplex
376 1383 455 1434 esse
488 1351 845 1450 animadvertimus,
884 1382 1048 1456 quorum
1077 1351 1234 1428 alterum
1271 1377 1461 1445 erassum,
1506 1352 1665 1440 alterum
1699 1389 1792 1438 vero

189 1467 461 1579 tenuissimum
487 1497 551 1562 est
603 1482 736 1579 Prius,
762 1483 868 1587 quod
892 1482 1113 1562 exteriorem
1129 1480 1266 1564 lucum
1290 1497 1471 1584 occupet,
1494 1489 1678 1587 quoniam
1701 1519 1793 1572 ver-

196 1639 265 1688 sus
286 1613 537 1688 maturitatem
564 1637 644 1688 non
671 1611 855 1706 durescit,
880 1611 1138 1690 simulantem
1162 1609 1260 1688 vasis
1283 1610 1495 1714 perrepitur
1518 1618 1704 1714 nutritiis,
1727 1649 1792 1699 se·

197 1741 368 1820 eundum
393 1741 601 1845 principia,
627 1736 787 1818 anobis
817 1738 908 1818 olim
937 1753 974 1816 et
999 1755 1109 1818 antea
1137 1740 1326 1842 exposita,
1356 1740 1601 1819 membranae
1622 1745 1791 1828 internae
1843 1789 1848 1797 ⁴

197 1873 356 1950 nomine
385 1871 538 1982 salutari
569 1867 689 1946 debet.
756 1870 842 1944 Hoc
865 1869 986 1946 modo
1016 1870 1048 1948 si
1076 1895 1156 1946 rem
1186 1866 1488 1964 consideremus,
1525 1873 1566 1950 in
1601 1879 1791 1984 Trapae

198 2001 342 2077 semine
366 2013 461 2078 testa
485 2024 642 2102 prorsus
666 1989 961 2094 desiderabitur,
992 1996 1105 2096 cujus'
1130 1997 1280 2102 supplet
1306 1999 1405 2079 vices
1435 1997 1510 2076 tela
1541 2004 1685 2082 lruotus
1709 2006 1792 2083 cel-

196 2129 322 2206 lulosa
339 2129 522 2232 penitior,
546 2128 586 2202 in
606 2123 845 2202 involuerum
866 2151 1015 2207 osseum
1039 2124 1172 2207 abiens
1193 2123 1437 2206 membranae
1461 2127 1631 2208 internae
1657 2137 1793 2212 aretis-

197 2259 293 2338 sime
318 2255 559 2362 adplicatum.
612 2251 802 2350 Quodad
825 2265 977 2331 tenuem
998 2252 1123 2350 illam,
1145 2281 1266 2356 quam
1286 2255 1454 2336 secundo
1476 2255 1563 2336 loeo
1588 2287 1794 2340 enumera-

197 2388 344 2481 vimus,
379 2387 543 2464 tunicam
571 2383 737 2476 adtinet,
768 2382 830 2461 vix
851 2381 1092 2478 dubitamus,
1117 2381 1220 2476 illam
1241 2411 1314 2486 pro
1336 2383 1584 2488 perispermio
1610 2413 1690 2466 esse
1716 2391 1792 2468 ha·-

200 2513 388 2592 bendam:
423 2515 477 2592 sie
498 2511 600 2588 enim
624 2509 751 2605 locus,
773 2535 888 2613 quem
911 2525 1090 2614 occupat,
1115 2511 1171 2588 sio
1193 2511 1383 2615 plenarius
1409 2515 1448 2592 in
1473 2513 1591 2618 ipsius
1612 2532 1806 2595 contextat‘

200 2642 381 2719 celluloso
408 2641 493 2718 laxo
521 2668 697 2717 vasorum
724 2640 913 2734 defectus,
937 2639 1073 2728 docere
1096 2642 1282 2728 videniur.
1335 2639 1539 2742 Cylindrus
1558 2639 1619 2718 ille
1637 2646 1789 2724 tandem

203 2770 401 2849 cellulosus
426 2798 470 2847 aa
492 2783 706 2863 tortuosus,
729 2795 750 2843 e
776 2769 882 2870 eujus
908 2769 1136 2846 extremitate
1155 2771 1295 2873 pendet
1318 2769 1546 2876 embryo‚
1534 2799 1575 2846 ιιι
1600 2773 1788 2874 Lupino

203 2925 377 3004 quoque,
399 2881 472 2975 neo
495 2926 575 2986 non
601 2895 901 3000 Tropaeolo,
927 2897 1149 3000 praesertim
1177 2925 1266 2975 vero
1300 2901 1340 2976 in
1362 2881 1516 2974 Tbuia
1548 2923 1572 2972 a
1596 2896 1708 2974 nobis
1733 2917 1789 2978 est

199 3025 492 3121 observatus,
481 3055 599 3102 rmmo
636 3027 893 3105 rudimentum
927 3024 1008 3126 ejus
1039 3025 1079 3102 in
1111 3025 1239 3106 multis
1275 3027 1431 3103 aliarum
1467 3026 1680 3130 plantarum
1708 3033 1791 3108 ovis

197 3155 351 3250 adesse,
376 3154 453 3230 alio
478 3151 564 3230 loco
587 3155 928 3232 demonstravimus
950 3157 1077 3259 (Conl'.
1101 3183 1229 3258 opusc.
1251 3172 1368 3234 nostr.
1423 3163 1510 3234 Von
1539 3163 1574 3232 d.
1600 3163 1792 3236 Entwiokl.

197 3291 267 3360 cles
291 3283 468 3384 Embryo.
503 3283 588 3380 96)
659 3286 719 3358 Ne
756 3281 842 3386 quis
875 3281 1001 3384 itaque
1033 3283 1146 3360 talem
1182 3283 1245 3363 bic
1282 3284 1412 3360 adesse
1438 3297 1544 3388 putet
1568 3285 1792 3385 funiculum,

196 3410 325 3514 qualis
352 3412 392 3485 in
411 3409 719 3513 Nymphaea,
743 3413 905 3488 Pruno
930 3410 1089 3516 aliisque
1114 3413 1351 3518 perispermii
1373 3412 1575 3492 vesiculam
1603 3415 1792 3513 (Amnion

193 3567 225 3616 s.
257 3535 551 3642 Colliquamenti
570 3537 769 3616 vesiculam
787 3541 907 3646 blalp.
933 3545 1090 3620 Saeuum
1115 3542 1436 3648 embryoniierum
1455 3543 1613 3644 lirong.)
1630 3569 1795 3648 suspen-

194 3695 283 3745 sam
309 3679 421 3741 tenet.
473 3665 705 3742 Extremitas
722 3665 801 3768 ejus
824 3684 949 3748 antem
977 3669 1095 3747 libera
1121 3671 1161 3748 in
1183 3667 1319 3748 cuonlli
1345 3669 1504 3746 modum
1531 3685 1710 3748 excavata
1723 3686 1793 3768 est,

162 3787 165 3792 ’
193 3793 352 3898 ipsique
375 3789 546 3868 inhaeret
566 3790 744 3900 eurbryo,
779 3797 851 3876 aab
877 3801 1002 3878 forma
1027 3800 1226 3905 globuloea
1253 3801 1293 3876 in
1319 3812 1563 3902 conspectum
1598 3800 1792 3903 prodiens,

192 3950 243 4000 ea
276 3922 336 3998 sul
369 3934 497 4023 parte,
539 3947 613 4022 qua
638 3923 797 4025 posthac
823 3929 862 4005 in
888 3931 1095 4008 radiculam
1121 3931 1209 4010 abit.
1275 3927 1527 4033 Subsequenti
1557 3929 1791 4006 incremento

193 4063 297 4132 dum
324 4079 413 4154 pars
441 4049 521 4150 ejus
548 4051 768 4130 radicularie
794 4081 817 4130 a
839 4057 1097 4161 cotyledonari
1121 4041 1335 4164 separatur,
1375 4059 1499 4135 omnis
1533 4063 1690 4137 materia
1716 4059 1794 4137 ali·-

191 4183 292 4260 bilis
325 4183 424 4258 circa
449 4179 720 4286 cotyledonent·
737 4185 1017 4283 accumulatur,
1042 4191 1092 4264 ita
1118 4204 1268 4287 tamen,
1293 4205 1334 4268 ut
1361 4191 1564 4296 cotyledon
1590 4190 1672 4290 ipsa
1696 4215 1795 4264 oon·

193 4322 348 4390 stanter
371 4308 423 4386 sit
443 4309 696 4414 pelluciditate
718 4339 789 4418 sus
811 4311 867 4390 ab
887 4313 1077 4395 ambiente
1108 4318 1285 4396 celluloaa
1317 4321 1487 4424 opaciori
1519 4315 1795 4417 distinguenda.

190 4437 342 4520 Nullae
370 4441 498 4544 itaque
521 4455 645 4544 partes
667 4442 844 4520 nutritiae
869 4468 954 4522 eum
978 4448 1018 4523 in
1037 4443 1304 4527 'membranam
1328 4449 1532 4526 secundam
1551 4473 1579 4522 s.
1600 4443 1793 4546 perisper-

190 4569 382 4648 maricam
400 4567 552 4660 abeant,
574 4565 666 4644 lrae‘o
691 4596 741 4655 ne
767 4555 965 4664 minimum
983 4578 1088 4682 oepit
1108 4579 1392 4674 incrementum,
1417 4573 1466 4654 ita
1488 4589 1529 4650 ut
1548 4571 1693 4648 nullum
1711 4569 1791 4672 ejut

187 4703 235 4776 in
267 4697 414 4772 semine
428 4712 588 4775 'maturo
615 4701 811 4806 vestigium
834 4709 1005 4810 supersit
1034 4699 1042 4790 ¹.
