4786 5996
858 505 1036 644 ...aa
1091 553 1150 628 ..:..

209 759 289 836 rius
323 758 403 857 ejus
441 759 683 836 exuemitatie
722 769 927 862 apparent,
974 754 1049 834 lroc
1084 781 1168 832 rum
1209 757 1276 851 iis,
1320 783 1416 859 quae
1450 783 1522 834 nos
1563 757 1715 861 quidem
1757 763 1796 836 in
1886 847 1890 856 ¹

209 886 351 966 semiue
376 886 499 992 probe
520 901 710 966 maturato
733 883 1034 981 observavimus,
1060 911 1139 962 non
1160 883 1346 962 convenit.

970 1085 1076 1163 .9.

714 1087 1296 1324 CAJJLSIGONUM.
1420 1253 1428 1260 '

319 1398 528 1501 Singularis
559 1397 672 1498 hujus
704 1397 850 1499 generis
887 1399 1031 1474 tructus
1065 1395 1150 1472 licet
1181 1398 1563 1476 Gaertnerorum
1600 1396 1795 1480 laboribus

205 1527 338 1607 melius
378 1531 606 1624 innotuerit,
662 1525 829 1628 Callig.
866 1523 1107 1604 Pallasiae
1151 1540 1276 1600 tamen
1316 1552 1399 1602 non
1445 1524 1604 1603 omnino
1655 1557 1796 1606 secun-

45 1755 50 1764 Ι
205 1655 297 1732 dum
323 1670 497 1732 naturam
522 1655 729 1732 delineatur
755 1667 811 1730 est
834 1651 878 1751 (l
899 1679 930 1728 c.
957 1657 1023 1730 111.
1049 1673 1135 1742 200.
1162 1670 1187 1732 t.
1204 1654 1316 1749 184).
1366 1651 1483 1728 Naris
1508 1656 1609 1732 enim
1635 1662 1794 1760 angulos

207 1781 376 1884 singulus
401 1783 443 1859 in
471 1785 550 1859 acie
574 1811 642 1860 sua
673 1781 832 1858 bialatus
859 1797 932 1878 est,
977 1781 1045 1858 alis
1072 1810 1187 1886 quam
1215 1781 1375 1858 maxime
1404 1778 1704 1883 divergentibus,
1746 1789 1796 1865 ita

207 1911 383 2013 quidem,
428 1925 471 1988 ut
511 1913 660 2016 singula
702 1910 761 1986 ala
795 1939 882 1986 cum
918 1912 1091 2014 proxima
1132 1910 1296 2014 proximi
1338 1905 1467 2008 anguli
1502 1909 1549 1984 sit
1594 1915 1794 2012 geminata,

206 2039 299 2114 dum
326 2041 366 2115 in
392 2040 651 2116 Gaertneri
683 2039 814 2142 figuris
840 2054 999 2142 utraque
1025 2037 1192 2136 ejusdem
1222 2033 1352 2138 anguli
1382 2033 1441 2110 ala
1466 2037 1643 2138 contigua
1669 2067 1795 2144 appa-

204 2181 271 2242 ret.
307 2209 359 2228 -·
400 2165 710 2268 calligonum
744 2195 989 2248 comosum
1025 2182 1149 2246 autem
1176 2163 1249 2242 sub
1285 2165 1454 2242 examine
1486 2163 1600 2244 nobis
1626 2169 1803 2250 exhibuit

205 2299 371 2375 fructum
398 2321 478 2372 non
506 2296 659 2396 quidem
681 2311 942 2399 tetragonum,
976 2297 1042 2374 sed
1069 2307 1346 2396 pentagonum
1379 2291 1448 2368 alis
1472 2319 1553 2370 non
1573 2295 1726 2398 duplici,
1741 2321 1794 2400 ‚ut

206 2426 503 2501 Gaertnerus
530 2421 664 2516 habet,
690 2423 756 2500 sed
783 2425 918 2526 triplici
941 2423 1202 2533 ¹aculeolorum
1238 2445 1477 2496 ramosarum
1509 2427 1603 2502 serie
1630 2429 1793 2506 armatis·

204 2596 258 2612 -
281 2553 477 2628 Caeterum
500 2550 589 2627 huic
611 2553 739 2654 generi
766 2551 956 2628 filamenta
981 2551 1115 2658 calycis
1141 2550 1223 2627 basi
1250 2551 1387 2624 ins'erta
1411 2547 1793 2658 ClSprengelius

205 2679 337 2756 tribuit
362 2681 403 2778 (l.
422 2711 452 2756 c.
472 2685 595 2783 393),
636 2681 717 2757 basi
743 2679 951 2757 subcoalita
977 2683 1058 2783 ipsa
1084 2693 1196 2759 vocat
1219 2679 1272 2758 Cl.
1292 2678 1794 2762 Marschall-Bieber-

206 2811 332 2884 stein
366 2810 437 2908 (Fl.
465 2813 578 2886 Taur.
604 2811 715 2886 Caur.
741 2811 770 2886 1.
797 2813 911 2912 380).
961 2813 1005 2887 ln
1032 2809 1201 2912 Callig.
1226 2807 1439 2884 Pellaeis
1464 2821 1590 2882 tamen
1617 2828 1792 2914 recepta-

210 2937 334 3038 culum
368 2942 467 3018 circa
509 2967 662 3042 germen
700 2941 895 3035 adscendit
929 2943 970 3018 in
1005 2938 1187 3016 circulum
1217 2963 1419 3014 carnosum
1454 2933 1692 3038 villoaulum,
1732 2943 1792 3020 cui

209 3070 369 3148 exterius
394 3067 531 3172 calyris
557 3066 715 3146 colorati
747 3068 901 3165 foliola,
944 3069 1100 3146 interius
1124 3065 1315 3146 filamenta
1340 3067 1565 3144 inseruntur.

951 3336 961 3354 .
1018 3279 1081 3356 10.

778 3279 1224 3512 HOTSTONIA.

322 3582 660 3662 Boerhaavins
683 3613 771 3664 eum
795 3585 910 3688 hujus
935 3587 1083 3691 generis
1108 3615 1131 3664 a
1153 3613 1194 3664 se
1220 3586 1365 3662 conditi
1391 3583 1643 3660 characterem
1672 3583 1795 3662 stabi-

209 3709 314 3804 liret,
341 3711 516 3813 capsulae
537 3714 754 3792 dehiscendi
780 3717 939 3794 modum
965 3743 1045 3792 non
1069 3717 1186 3818 tetigit
1210 3714 1315 3816 (Iud.
1332 3711 1393 3788 alt.
1412 3711 1462 3814 pl.
1482 3710 1518 3787 h.
1537 3713 1660 3814 Lugd.
1678 3715 1756 3788 Bat.
1769 3717 1797 3788 1.

185 3843 333 3938 ,ρους
377 3867 455 3942 quo
493 3843 618 3944 ipsum
658 3846 809 3948 sequuti
849 3861 938 3922 sunt
976 3846 1246 3937 Linnaeus,
1293 3839 1596 3920 Sohreberos
1622 3859 1659 3918 et
1692 3848 1725 3920 J.
1754 3849 1796 3920 E.
1921 3931 1930 3946 ¹

206 3967 446 4044 smithius
473 3972 591 4063 (Flor.
616 3975 783 4050 Britann.
810 3975 838 4048 1.
865 3977 976 4076 227.)
1027 3974 1079 4049 At
1104 3974 1380 4050 Pontedera
1414 3973 1453 4046 in
1476 3972 1668 4048 tradendis
1695 3976 1797 4050 notis

207 4097 327 4197 ipsius
359 4097 592 4178 distinctivis
616 4101 806 4205 capsulam
839 4117 948 4182 vocat
989 4101 1323 4202 “quinquepartito
1349 4127 1418 4202 per
1444 4104 1695 4180 maturitatem
1722 4103 1797 4179 de-

207 4223 437 4302 hiscentem’²
466 4227 635 4332 (Authol.
653 4233 767 4330 272),
792 4246 828 4306 et
851 4231 952 4308 idem
980 4228 1213 4306 smithius
1236 4233 1275 4306 in
1302 4225 1508 4330 posthumo
1536 4257 1649 4333 opere
1671 4229 1798 4332 (Engl.

207 4352 263 4430 Π
287 4357 317 4430 Ι.
342 4361 446 4453 976.)
478 4383 549 4432 neo
572 4385 653 4434 non
680 4358 737 4436 Cl.
759 4361 840 4437 Viri
870 4363 1083 4437 Mertens
1116 4375 1154 4436 et
1180 4355 1305 4436 Koch
1345 4355 1551 4461 (Deutschl.
1572 4356 1627 4432 ΓΙ.
1651 4360 1696 4432 11.
1723 4365 1799 4456 98.)

189 4487 329 4586 ,ipsam
356 4487 554 4588 designant
584 4501 627 4562 ut
661 4489 1037 4594 “quinquevalvem.’'
1095 4491 1155 4566 Ex
1188 4487 1366 4592 opposito
1391 4499 1516 4560 autem
1545 4483 1600 4560 Cl.
1629 4487 1799 4562 Gaert-
1860 4479 1866 4486 ⁸

205 4639 288 4691 ner
324 4617 589 4696 Hottoniae
627 4617 843 4720 capsulam,
898 4647 1013 4722 quarn
1061 4617 1236 4694 noudum
1276 4629 1461 4690 maturam
1501 4613 1796 4712 examinaverat,

206 4743 468 4846 suspicabatur
493 4769 573 4822 esre
608 4743 795 4842 evolvam,
836 4751 890 4826 ita
916 4765 1044 4826 tamen
1069 4760 1112 4822 ut
1136 4745 1235 4822 hanc
1260 4745 1483 4820 sententiam
1517 4755 1695 4844 tanquam
1721 4743 1796 4819 du-

1306 4870 1395 4950 tt*
