4786 5996
1180 497 1436 630 1--62
1501 589 1552 636 ·.···

606 744 748 845 absque
780 741 969 817 radiculae
1004 739 1163 843 vestigio
1198 744 1300 845 (aig.
1327 757 1444 819 nostr.
1470 746 1555 839 17.).
1622 740 1728 834 Quae
1753 763 1871 840 porro
1899 737 2027 814 locum
2058 738 2201 816 babent

607 875 656 950 ad
683 873 940 948 maturitatem
974 895 1092 971 usque
1129 871 1356 948 mutationes
1389 873 1580 964 internae,
1615 866 1723 944 facile
1748 883 1910 956 possunt
1931 894 1976 942 ex
1997 864 2079 962 his,
2108 894 2204 969 quae

608 1002 873 1103 exposuimus,
907 997 1260 1100 colligi2'cxtcrnas
1294 1001 1400 1103 quod
1432 1002 1583 1092 attinet,
1624 995 1806 1098 gelatina,
1846 1025 1922 1100 qua
1952 998 2198 1076 involvuntur

608 1133 770 1226 semina,
802 1132 841 1206 in
867 1129 1108 1206 membranas
1134 1130 1232 1242 abit,¹
1259 1131 1401 1206 semina
1428 1132 1510 1232 ipsa
1537 1142 1683 1222 autem,
1713 1155 1792 1229 quo
1818 1129 1937 1230 magis
1964 1127 2199 1224 indurantur,

607 1260 774 1336 colorem
801 1257 1055 1335 rubicundum
1079 1287 1165 1336 cum
1188 1257 1343 1336 sordide
1369 1258 1545 1338 brunneo
1573 1272 1799 1362 permutant.

1364 1577 1470 1654 .t.

1267 1576 1548 1808 TllAPA.
1662 1779 1664 1782 -

721 1901 875 1980 Plantae
902 1904 1115 2006 aquaticae,
1142 1900 1239 1976 bene
1265 1917 1442 1978 monente
1468 1907 1511 1982 L.
1540 1906 1581 1982 C.
1606 1899 1872 1996 aichardo,
1899 1928 1990 2005 prae
2014 1899 2095 1979 aliis
2117 1905 2200 1980 sin-

608 2034 775 2136 gularem
802 2057 893 2133 prae
918 2057 957 2106 se
979 2033 1105 2107 serunt
1128 2034 1273 2107 formae
1300 2030 1520 2137 embryonis
1547 2033 1751 2135 ipsiusque
1766 2030 2050 2110 involucrorum
2075 2035 2199 2112 varie-

606 2178 740 2255 tatem,
775 2159 834 2232 cui
858 2159 1010 2258 quidem
1038 2159 1170 2236 similis
1201 2161 1396 2237 diversitas
1418 2166 1459 2236 in
1481 2161 1617 2257 modo,
1641 2186 1719 2261 quo
1746 2187 1860 2238 ovum
1887 2161 2093 2256 evolvitur,
2118 2189 2199 2264 non

607 2301 734 2394 potest
773 2313 853 2362 non
893 2287 1133 2389 respondere.
1206 2288 1458 2363 Luculentum
1496 2286 1609 2387 hujus
1650 2292 1706 2367 rei
1742 2293 2000 2368 testimonium
2035 2293 2199 2395 suggerit

609 2425 765 2522 Trapa
792 2429 964 2492 natans
994 2417 1063 2511 L.,
1090 2416 1197 2491 unde
1222 2418 1378 2518 insignis
1401 2433 1520 2495 exstat
1545 2419 1735 2496 dissensus
1761 2422 1858 2496 inter
1879 2420 2076 2500 botanicos
2101 2425 2201 2500 circa

608 2550 788 2644 nomina,
827 2543 967 2650 quibus
1004 2540 1168 2644 singulas
1203 2544 1421 2650 embryonis
1454 2548 1493 2622 in
1522 2549 1664 2622 semine
1690 2564 1815 2650 partes
1840 2549 1975 2628 volunt
2001 2551 2200 2652 designari.

607 2679 833 2753 Processum
861 2676 943 2776 ejus
966 2669 1183 2751 subulatum
1210 2704 1359 2752 sursum
1384 2688 1614 2777 spectantem
1641 2678 1787 2779 primus
1816 2676 1874 2754 lll.
1901 2679 2199 2757 Gacrtnerus

607 2805 652 2907 (l.
672 2831 703 2882 c.
724 2809 751 2881 1.
777 2824 862 2898 127.
883 2820 909 2882 t.
923 2804 999 2904 26.)
1023 2801 1227 2881 radiculam
1254 2803 1438 2902 salutavit,
1462 2831 1558 2908 quae
1584 2806 1738 2912 quidem
1756 2807 1938 2884 sententia
1951 2813 2198 2913 germinatio·

610 2935 671 3010 nis
693 2935 824 3030 modo,
851 2934 1000 3037 qualem
1022 2932 1077 3010 Cl.
1101 2935 1409 3011 Tittmannus
1432 2932 1647 3014 observavit
1663 2941 1866 3040 (Keimung
1879 2943 2120 3038 dPflauzen.
2138 2957 2200 3029 34.

610 3077 635 3136 t.
651 3065 697 3138 V.
723 3047 837 3165 ll),
863 3039 1007 3167 optime
1028 3065 1292 3141 confirmatur:
1321 3067 1500 3141 exseritur
1526 3066 1626 3141 enim
1650 3065 1743 3142 haec
1769 3093 1857 3168 pars
1881 3069 2051 3143 omnium
2076 3071 2200 3171 prima

612 3205 726 3293 atque
751 3191 971 3294 elongatur,
1005 3207 1096 3268 tunc
1122 3221 1212 3270 vero
1235 3195 1406 3269 radicum
1429 3220 1535 3270 more
1562 3194 1755 3270 descendit
1779 3221 1823 3270 ac
1849 3194 2035 3272 radiculas
2059 3194 2200 3275 latera·

610 3322 665 3397 les
690 3323 776 3423 agit.
827 3322 1085 3401 Hallucinatus
1111 3338 1237 3401 tamen
1263 3334 1319 3398 est
1346 3321 1400 3398 Cl.
1420 3321 1671 3428 Carpologiae
1696 3323 1944 3421 instaurator,
1967 3325 2060 3403 dum
2083 3329 2200 3404 Tra-

611 3473 698 3550 pae
725 3449 966 3554 cotyledones
988 3454 1156 3554 geminas
1180 3449 1384 3545 tribueret,
1410 3476 1573 3552 quarum
1599 3451 1715 3528 altera
1741 3451 1813 3528 sub
1834 3457 1962 3530 forma
1980 3454 2199 3556 squamulae

611 3578 789 3654 minimae
814 3579 992 3656 deorsum
1019 3580 1218 3684 spectantis
1245 3593 1280 3653 et
1305 3575 1533 3681 gemmulam
1558 3580 1597 3655 in
1623 3581 1734 3657 axilla
1759 3607 1827 3657 sua
1852 3583 2015 3660 foventis
2041 3609 2199 3686 proces-

611 3731 675 3782 sus
698 3706 798 3783 illius
824 3706 906 3784 basi
933 3708 1153 3805 adhaereat,
1187 3707 1301 3784 altera
1327 3721 1451 3782 autem
1482 3707 1521 3782 in
1545 3711 1707 3786 formam
1734 3708 2007 3813 subglobosam
2033 3713 2082 3787 sit
2107 3711 2201 3788 red-

613 3850 717 3931 acta,
738 3864 825 3911 curn
848 3837 1061 3932 volumine,
1085 3850 1295 3938 respectum
1321 3835 1459 3939 prioris
1485 3835 1516 3910 si
1538 3834 1766 3933 habeamus,
1791 3843 1939 3916 enormi
1962 3855 1998 3916 et
2019 3841 2200 3920 substan-

611 3968 663 4041 tia
690 3969 889 4044 farinacea.
953 3968 1132 4045 Similiter
1162 3966 1261 4042 enirn
1288 3964 1532 4066 germinatio,
1568 3984 1682 4069 prout
1714 3971 1835 4072 ipsam
1868 3997 1891 4049 a
1920 3974 2200 4050 Tittmanno

612 4095 851 4171 observatam
890 4093 1094 4190 babemus,
1134 4095 1287 4188 edocet,
1327 4094 1563 4195 squamulam
1599 4093 1702 4174 illam
1737 4125 1786 4174 ne
1816 4077 2016 4178 minimum
2051 4102 2200 4196 mutari,

603 4247 750 4323 corpus
784 4235 907 4297 autem
944 4250 1111 4298 crassum
1143 4222 1262 4298 modo
1289 4222 1430 4297 dictum
1457 4222 1648 4325 plantulae
1678 4228 1845 4303 nascenti
1869 4256 1937 4332 per
1963 4244 2019 4305 sat
2044 4227 2200 4331 longum

609 4363 760 4450 tempus
796 4351 1069 4426 nutrimentum
1105 4335 1400 4429 subministrare.
1480 4351 1602 4428 Simul
1647 4354 1734 4429 inde
1773 4356 1955 4459 adparet,
2002 4383 2201 4460 processus

611 4476 776 4554 subulati
812 4493 979 4580 partem,
1013 4509 1109 4585 quae
1135 4481 1364 4586 gemmulam
1387 4496 1424 4556 et
1450 4510 1590 4586 corpus
1613 4485 1825 4589 ¹farinosum
1859 4484 2072 4584 interjacet,
2107 4487 2203 4564 insi-

611 4608 734 4704 gniter
766 4604 953 4710 elongari3
986 4637 1061 4714 qua
1098 4613 1252 4715 quidem
1278 4613 1325 4688 de
1351 4638 1462 4688 causa
1494 4611 1593 4689 banc
1620 4627 1764 4718 partem
1792 4612 1849 4690 Cl.
1874 4614 1946 4690 Vir
1969 4615 2203 4724 cotyledonis

611 4736 764 4810 nomine
791 4736 974 4814 salutavit.
1026 4737 1089 4815 Ab
1113 4736 1184 4815 bac
1211 4754 1335 4816 autem
1358 4744 1539 4820 sententia
1564 4773 1634 4822 nos
1657 4771 1791 4848 parum
1813 4741 2020 4820 admodum
2045 4746 2204 4822 recessi·
