4786 5996
1290 527 1348 542 -
1405 475 1463 566 ffl
1529 525 1579 542 -

637 683 791 760 natione
815 673 1122 781 Dirotyletloneis
1151 691 1253 750 certo
1284 665 1587 752 'adnumerandas
1612 699 1690 749 esse
1724 675 1836 773 (Gen.
1854 673 2074 776 plantet).
2125 677 2214 754 Huic

638 828 764 886 tamen
806 834 885 881 non
935 803 1164 904 respondent
1201 805 1397 885 observata
1438 807 1492 882 Cl.
1527 796 1803 880 Gaertneri:
1848 829 1928 876 non
1968 801 2086 875 modo
2122 805 2216 882 enim

637 935 845 1014 Aristol.
884 935 1073 1009 indicae
1110 933 1356 1038 embryonem
1390 937 1506 1028 sistit,
1538 932 1764 1031 cotyledone
1790 956 1946 1032 prorsus
1976 929 2135 1007 indivisa
2157 939 2216 1008 in·

637 1081 820 1142 structum
857 1061 905 1158 (l.
928 1091 957 1136 c.
984 1066 1012 1156 Ii
1039 1078 1063 1138 t.
1093 1067 1185 1160 14.):
1231 1063 1297 1136 sed
1332 1065 1442 1136 etiam
1478 1062 1563 1137 alio·
1584 1061 1693 1156 loco,
1742 1057 1808 1134 ubi
1841 1087 1966 1135 sermo
1990 1061 2061 1161 ipsi
2094 1075 2148 1137 est
2171 1065 2216 1139 de

637 1193 856 1297 embryouis
882 1193 1099 1270 “verissime
1124 1177 1505 1294 rnonocotyledoriei”
1531 1189 1827 1289 germinatione,
1847 1213 1976 1292 ·quam
2001 1191 2042 1263 iu
2069 1193 2215 1268 Asaro

635 1339 746 1425 atque
775 1317 1108 1395 Aristolochia
1143 1308 1331 1393 mediante
1361 1315 1508 1422 'duplici
1541 1319 1675 1394 soliolo
1700 1311 1880 1395 'seminali
1905 1317 2067 1394 exerceri
2090 1343 2217 1396 recen-

629 1451 776 1525 tissime
801 1447 1069 1523 affirmaverint
1091 1447 1267 1549 quidam,
1303 1447 1419 1524 dubia
1450 1477 1516 1524 sua
1532 1451 1710 1551 'ingenue
1735 1451 1888 1524 fatetur·
1908 1446 1953 1546 (l.
1974 1476 2006 1522 c.
2032 1450 2082 1523 11.
2107 1456 2217 1550 praef.

641 1590 714 1676 13.)
725 1636 736 1674 ,
774 1605 854 1652 rem
880 1575 1051 1651 nondum
1080 1578 1257 1670 evictam,
1299 1579 1363 1652 sed
1391 1607 1492 1656 novo
1519 1595 1669 1654 etcum
1696 1567 2092 1680 omni‘praecautione
2117 1579 2220 1654 insti·

634 1705 778 1782 tuendo
817 1706 1072 1806 experimento
1114 1708 1213 1806 (quo
1257 1711 1475 1807 praesertim
1519 1708 1812 1812 inquirendum,
1861 1731 1953 1780 num
1994 1704 2119 1781 lohuli
2163 1710 2218 1784 isti

635 1833 833 1913 seminales
860 1859 988 1909 revera
1012 1833 1151 1908 suerint
1176 1834 1410 1936 simultanei-)
1442 1836 1598 1910 ulterius
1627 1835 1926 1914 confirmandam
1953 1861 2034 1909 esse
2050 1855 2220 1914 censens.

638 1961 695 2040 Cl.
720 1953 972 2040 Rober'tus
995 1965 1168 2038 Br'own
1203 1962 1570 2042 Aristolochias
1607 1968 1704 2040 inter
1732 1961 2049 2066 Dicotyledoneas
2077 1965 2225 2066 quidem

637 2092 809 2194 reposuit
844 2090 1002 2189 (Prodr.
1030 2088 1085 2163 Fl.
1115 2092 1159 2164 N.
1185 2089 1286 2164 lloll.
1318 2101 1448 2190 349),
1497 2095 1716 2170 auctoritate
1747 2090 1804 2166 lll.
1840 2093 1862 2164 J
1874 2093 2054 2166 ussiaei
2090 2096 2223 2169 fretus:

638 2218 752 2296 simul
785 2235 911 2292 tamen
949 2234 1100 2313 monet,
1146 2219 1390 2322 embryonem
1421 2236 1505 2295 ante
1537 2222 1848 2321 germinationem
1881 2219 2012 2294 saltem
2048 2248 2131 2296 esse
2165 2223 2224 2296 in-

640 2350 815 2432 divisum,
868 2347 943 2422 Sed
980 2345 1347 2421 Aristolochiae
1380 2347 1711 2424 Clematitidis
1744 2345 1903 2446 embryo
1932 2347 2108 2445 jamdum
2135 2351 2226 2425 intra

640 2479 793 2552 seminis
820 2475 980 2550 claustra
1000 2472 1163 2567 latitans,
1191 2475 1362 2575 profecto
1388 2492 1442 2550 est
1466 2474 1793 2580 dicotyledoneus,
1819 2491 1861 2550 ut
1886 2479 2083 2573 examine,
2116 2465 2226 2580 duam

639 2606 834 2711 potuimus
869 2601 1079 2678 cautissime
1113 2603 1306 2698 instituto,
1344 2604 1530 2680 affirmare
1565 2603 1670 2700 licet3
1723 2619 1760 2678 et
1793 2602 2039 2707 cotyledones
2077 2607 2226 2709 quidem

640 2747 772 2812 ovatae
798 2731 1062 2833 complicatae,
1099 2728 1188 2804 hinc
1221 2731 1355 2832 planae
1385 2731 1487 2807 illinc
1522 2757 1728 2826 convexae,
1766 2734 1929 2833 perfecte
1954 2734 2057 2809 inter
2079 2763 2120 2834 se
2148 2749 2229 2810 sunt

640 2859 836 2964 aequales,
858 2859 1107 2960 'eaedemque
1143 2858 1240 2935 ultra
1269 2862 1468 2936 dimidium
1505 2859 1752 2962 longitudinis
1786 2861 2005 2966 emhryonis
2044 2877 2231 2967 occupant

639 2991 742 3092 (Fig.
769 3004 885 3064 nostr.
911 2997 971 3076 56.
995 2998 1052 3087 a).
1114 2991 1280 3084 Pariter,
1332 2989 1424 3064 dum
1461 2989 1553 3066 haec
1590 2986 1810 3083 scribimus,
1849 3010 2082 3068 numerosae
2123 2990 2231 3066 nobis

641 3131 727 3192 ante
758 3117 889 3193 oculos
918 3132 1005 3193 sunt
1032 3118 1391 3195 Aristolochiae
1426 3118 1805 3193 odoratissim-ae
1829 3121 1872 3193 L.
1896 3134 1933 3194 et
1962 3107 2119 3221 speciei
2140 3119 2229 3196 alius

631 3227 899 3319 'innominatus
935 3247 1170 3321 Brasiliensis
1207 3247 1457 3346 germinantes
1493 3244 1702 3346 plantulae,
1742 3246 1881 3347 quibus
1915 3247 2101 3326 omnibus
2125 3264 2232 3352 coty-

497 3387 509 3406 ⁸
640 3375 796 3450 ledones
821 3388 909 3448 sunt
938 3378 1108 3476 geminae
1131 3376 1297 3472 ejusdem
1326 3368 1596 3475 magnitudinis
1620 3401 1664 3449 ex
1686 3375 1876 3476 ipsissimo
1899 3376 2037 3451 eodem
2063 3377 2232 3452 cauliculi

638 3506 746 3581 nodo
775 3507 1026 3608 prodeuntes,
1062 3502 1188 3579 uvales
1214 3503 1454 3604 pedicellatae
1487 3504 1580 3603 (mg.
1602 3497 1718 3577 nostr.
1741 3509 1800 3587 56.
1827 3501 1890 3600 b.).
1941 3508 2085 3581 Notari
2114 3531 2235 3580 mere-

639 3649 704 3707 tur
730 3660 906 3735 quoque,
945 3659 990 3708 ex
1016 3635 1170 3707 istarum
1203 3632 1468 3736 cotyledonum
1504 3630 1562 3706 ala
1598 3635 1700 3707 nasci
1729 3634 1820 3708 folia
1852 3635 1930 3708 duo
1962 3636 2173 3736 opposita,
2203 3647 2235 3708 et

638 3763 714 3839 hoc
750 3780 952 3866 antequam
986 3762 1103 3838 caulis
1146 3761 1326 3862 prodeat,
1372 3758 1477 3856 cujus
1516 3759 1608 3834 solia
1642 3761 2019 3838 omnia'alternatim
2053 3761 2236 3865 disposita

637 3905 735 3967 sunt.
787 3891 943 3968 Nullum
969 3895 1081 3994 igitur
1107 3890 1265 3966 dubium
1290 3887 1402 3964 nobis
1428 3879 1595 4000 superest
1624 3891 1669 3965 de
1695 3889 2064 3969 Aristolochiae
2091 3915 2236 3994 genere,

639 4026 767 4124 quoad
795 4023 949 4098 seminis
985 4019 1174 4116 indolem,
1208 4046 1292 4097 vere
1328 4018 1627 4123 dicotyledoneo.

1163 4263 1166 4268 .
1390 4289 1399 4308 ο
1455 4235 1495 4310 7·

1094 4235 1792 4444 urerdrarrruu

753 4523 913 4597 Fructus
939 4523 978 4600 in
1005 4519 1079 4594 hoc
1104 4545 1240 4620 genere
1274 4519 1615 4598 conformationem
1644 4525 1941 4598 Gaertnerus
1975 4524 2154 4624 optime,
2179 4521 2246 4594 'uti

645 4647 755 4742 solet,
791 4656 964 4754 exposuit
994 4649 1041 4748 (l.
1066 4678 1097 4726 c.
1118 4652 1147 4723 Ι.
1166 4667 1253 4735 331.
1277 4663 1303 4724 t.
1318 4657 1415 4748 68),
1455 4679 1523 4726 nec
1550 4649 1623 4727 illis
1647 4653 1717 4726 nisi
1743 4679 1862 4752 pauca
1885 4652 2082 4753 quaedam
2108 4649 2248 4728 addere
