4830 5996
213 1825 217 1834 .
623 1793 628 1804 ·
969 1737 1037 1826 Π.

270 1931 385 2023 OVI
410 1928 865 2064 'VEGETABEIS
903 1931 1070 2024 POST
1121 1927 1741 2025 FOECUNDATIONEM
1878 2042 1893 2052 ·

209 2067 552 2167 EVOLUTIO
582 2077 654 2169 IN
678 2075 959 2169 PLANTIS
983 2075 1367 2198 QUIBUSDAM
1396 2073 1797 2167 OBSERVATA.

849 2329 1198 2364 ——----

971 2617 980 2638 .
1035 2561 1072 2640 t.

320 2716 632 2798 canentum.
683 2561 968 2794 noussmti
1006 2717 1082 2795 cr„
1134 2669 1679 2798 mensunusum.

323 2930 421 3006 Cum
452 2929 491 3004 in
516 2892 815 3026 libello,⁸quem
842 2921 1005 3000 sedecim
1030 2921 1170 3002 abhinc
1203 2927 1313 3004 aunis
1339 2922 1480 3030 publici
1517 2922 1609 3024 juris
1634 2925 1793 3002 fecimus

204 3056 265 3152 (V
260 3080 307 3131 on
327 3060 362 3131 d.
375 3059 572 3133 Entwickl.
589 3061 654 3132 des
667 3056 795 3130 Embr.
812 3078 847 3128 u.
867 3057 990 3128 asinar
1008 3052 1169 3136 Umltiill.
1187 3061 1239 3132 im
1254 3047 1523 3156 PflanrenAEi.
1542 3051 1794 3154 Berl.1815.),

202 3167 451 3284 generationi
469 3183 620 3260 seminis
651 3178 866 3284 plantarum
903 3177 1144 3284 explicandae
1175 3209 1346 3286 operam
1384 3183 1637 3278 dedissemus,
1674 3181 1794 3262 Mal-

203 3309 358 3414 pighii
383 3327 421 3386 et
446 3309 627 3388 Grewii
654 3308 808 3410 vestigia
829 3308 889 3386 vix
910 3333 956 3384 eo
977 3335 1099 3413 usque
1120 3310 1258 3388 calcata
1279 3313 1408 3410 secuti,
1434 3311 1594 3386 aliorum
1612 3311 1793 3388 Virorum

202 3437 291 3516 huic
316 3439 568 3543 disquisitioni
591 3429 769 3540 deinceps
784 3433 1083 3517 incumbentium
1099 3436 1296 3517 laboribus
1316 3467 1362 3518 eo
1378 3469 1499 3544 nsque
1519 3465 1578 3516 res
1597 3439 1792 3541 processit,

200 3587 241 3642 ut
268 3568 309 3642 in
335 3569 469 3644 seriori
498 3555 683 3670 opusculo
708 3562 923 3640 academico
957 3565 1030 3665 (De
1059 3591 1135 3646 oro
1168 3564 1365 3670 vegetabili
1389 3559 1543 3672 ejusque
1569 3569 1793 3644 mutationi·-

197 3695 271 3772 bus
287 3694 571 3775 observationes
586 3696 822 3772 recentiores.
836 3693 1058 3775 wratislai.
1075 3703 1203 3796 sets.)
1224 3695 1410 3801 quaedam
1425 3711 1638 3793 retractare,
1660 3696 1788 3799 aliqua

169 3925 173 3932 Ι
199 3823 310 3899 etiam
337 3813 536 3900 emendare
559 3839 710 3901 necesse
735 3822 848 3902 nobis
873 3841 981 3902 esset.
1030 3823 1154 3924 Hujus
1169 3843 1326 3902 summa
1348 3849 1394 3900 eo
1417 3825 1528 3921 redit,
1549 3838 1612 3919 ut,
1637 3838 1791 3901 senten·-

198 3952 271 4026 tiae
299 3948 355 4027 ct.
381 3953 464 4029 Viri
490 3951 694 4030 Roberti
730 3957 907 4032 Rrown
943 3955 982 4029 in
1019 3956 1237 4034 universnm
1267 3951 1501 4056 adstipulari,
1538 3969 1701 4058 quatuor
1728 3960 1791 4036 ori
1946 4033 1950 4038 .

199 4069 413 4178 plantarum
441 4079 635 4158 involucra
658 4082 994 4184 distingueremus,
1027 4107 1191 4185 quorum
1217 4081 1352 4156 extima
1385 4082 1463 4158 duo
1488 4083 1621 4158 iisdem
1649 4098 1692 4159 ut
1717 4109 1791 4159 an·
1873 4147 1876 4156 .

189 4205 277 4300 lea,
312 4199 453 4282 scilicet
478 4201 721 4286 membranae
738 4209 940 4288 -extsrioris
974 4225 1087 4312 atque
1122 4210 1332 4305 interioris,
1370 4208 1639 4288 nominibusa
1678 4211 1790 4286 nobis

199 4333 357 4410 salutata
384 4339 547 4414 suerum
597 4329 864 4416 Membrannm
898 4336 960 4416 ovi
997 4336 1115 4431 illam,
1144 4362 1241 4438 quoe
1272 4339 1370 4414 rasis
1413 4352 1670 4441 perreptotur,
1703 4365 1789 4414 cum

199 4467 476 4541 Gacrtnero
505 4457 694 4540 internam
717 4467 953 4545 vocavimus:
987 4495 1064 4570 quo
1099 4466 1253 4569 quidem
1290 4466 1441 4567 cognito
1477 4468 1588 4543 etiam
1623 4481 1789 4543 caeterae

201 4591 288 4671 sunt
311 4583 441 4674 faciles
462 4595 724 4690 determinato,
758 4595 944 4696 siquidem
971 4623 1067 4699 quae
1092 4596 1202 4672 istam
1232 4591 1350 4669 ambit
1376 4590 1597 4669 membrana
1620 4619 1691 4696 pro
1718 4617 1789 4668 ex-

198 4739 303 4802 terna
329 4725 388 4804 vet
411 4713 517 4823 testa,
545 4748 641 4825 quae
666 4721 749 4824 ipsa
771 4722 988 4824 includitur,
1011 4755 1082 4831 pro
1107 4722 1356 4829 perispermio
1380 4736 1438 4802 est
1459 4719 1644 4798 babendo.
1678 4722 1787 4798 Hanc
