4786 5996
846 629 924 686 .···„
981 587 1155 675 nt·-

210 775 457 880 ,‚pcrsorsta”
483 763 641 858 vocat'ur
672 779 753 874 <De
776 779 886 862 iruct.
916 792 953 855 et
977 789 1069 858 sem.
1092 783 1121 860 1.
1145 793 1234 868 325·
1256 774 1375 881 328.)
1444 787 1553 864 Hanc
1586 801 1800 890 aperturam

210 919 337 992 tamea
362 901 626 1006 expletmassa
649 902 829 994 cellulosa
852 910 1036 1008 fungosa,
1059 933 1157 1012 quae
1184 909 1224 987 in
1250 923 1349 992 stetu
1369 913 1522 988 seminis
1543 929 1693 992 maturo
1714 933 1802 992 tan-

209 1031 292 1115 tuni
313 1060 335 1109 a
353 1061 504 1112 musmo
523 1033 743 1140 Carpologo
762 1035 993 1132 examinata,
1019 1035 1079 1114 vei
1100 1063 1172 1140 pro
1193 1035 1363 1116 funiculo
1384 1036 1590 1118 umbilicali
1619 1043 1703 1144 ipso
1731 1045 1803 1122 hn-

209 1161 343 1258 bctur,
386 1162 444 1242 vel
479 1165 609 1244 saltem
646 1163 696 1244 ab
729 1163 805 1240 isto
838 1191 920 1242 nou
954 1163 1205 1266 distinguitur.
1284 1163 1340 1244 ul.
1372 1165 1666 1246 Schraderus
1708 1171 1804 1249 banc

210 1309 355 1396 partem
390 1293 591 1408 strophioli
616 1273 674 1373 vei
696 1321 902 1395 processus·
923 1294 1163 1398 strophiolati
1189 1295 1345 1372 nornine
1377 1295 1550 1396 designat
1577 1299 1741 1396 (Corum.
1758 1302 1805 1378 de

209 1421 448 1524 Asperisoliis
471 1422 630 1500 Linnaei
657 1425 833 1526 14.15.):
859 1425 973 1508 nobis
997 1440 1125 1502 tamen
1143 1421 1206 1498 illa
1228 1423 1374 1502 videtur
1392 1424 1619 1524 receptaculi
1640 1426 1699 1504 vel
1719 1427 1807 1529 pla·-

212 1551 484 1634 centaevicem
504 1551 699 1654 supplere,
725 1581 801 1638 ovo
826 1555 990 1634 cnim'et
1013 1550 1256 1654 subsequenti
1281 1547 1415 1634 semini
1440 1575 1512 1651 pro
1531 1549 1616 1632 basi
1638 1555 1804 1634 inservit.

215 1677 329 1754 Hisce
355 1676 527 1780 partibus
550 1683 714 1758 formata
743 1694 858 1786 atque
887 1681 1120 1760 circumdata
1146 1680 1291 1756 fructus
1314 1679 1454 1755 cavitas
1481 1705 1596 1756 ovum
1625 1682 1805 1782 continet,

205 1808 262 1884 ita
289 1808 443 1911 quidem
475 1823 517 1886 ut
543 1808 635 1885 illud
663 1807 842 1912 angulum
866 1807 1017 1908 teneat,
1051 1810 1141 1894 binc
1166 1837 1189 1886 a
1212 1809 1352 1913 pariete
1375 1808 1521 1885 fructus
1544 1807 1806 1912 descendente,

209 1936 351 2025 judea
375 1940 725 2042 corporis-fungosi
751 1943 948 2046 superficie
973 1943 1179 2018 formatum
1211 1952 1249 2014 et
1274 1932 1443 2016 funiculo
1472 1961 1649 2016 vasorum
1675 1943 1807 2017 nutri-
1863 2005 1875 2022 ,
1919 1951 1926 1960 “

209 2066 355 2142 entium
378 2064 590 2158 inhaereat,
626 2055 694 2168 per
715 2067 862 2148 hiatum
885 2071 982 2146 inter
1007 2083 1210 2171 utrumque
1233 2069 1450 2146 intrantem·
1509 2065 1567 2140 Ex
1592 2065 1638 2144 iis
1664 2079 1808 2166 tamen,

210 2221 310 2296 quae
337 2197 552 2280 notavimus
573 2197 673 2274 circa
702 2200 845 2282 tructus
875 2212 1034 2276 suatum
1061 2200 1238 2294 interius,
1267 2207 1442 2300 apparet,
1471 2189 1567 2268 illud
1588 2194 1687 2270 inter
1714 2223 1806 2272 cor·-

208 2351 284 2426 pus
309 2326 514 2428 fungosum
538 2339 576 2402 ct
597 2353 713 2404 ovum
739 2329 792 2408 ita
816 2329 1049 2421 continuari,
1084 2341 1128 2406 ut
1153 2341 1356 2428 utrumque
1385 2318 1629 2398 abinvicem
1658 2340 1806 2428 separet
1912 2369 1919 2388 ·

210 2467 250 2526 et
281 2453 374 2530 baec
417 2456 571 2558 quidem
606 2467 664 2530 est
701 2481 745 2531 ea
785 2457 944 2546 ,fructus
966 2459 1121 2536 maturi
1160 2481 1273 2562 pars,
1333 2474 1449 2554 quam
1501 2446 1803 2530 Schraderus

211 2581 509 2680 “membranam
541 2581 829 2660 transversalem
865 2611 885 2662 e
923 2585 1126 2690 pericarpii
1158 2583 1415 2682 integumento
1444 2575 1614 2654 interiori
1647 2593 1801 2658 ortam”

213 2728 323 2789 vocat
347 2714 393 2811 (1.
415 2743 447 2790 c
475 2731 535 2802 23.
556 2715 641 2813 ρὰ).
703 2715 829 2788 Ovum
862 2727 987 2790 tomen
1020 2715 1102 2792 cavi
1129 2711 1246 2788 modo
1275 2703 1452 2806 descripti
1477 2702 1635 2780 durante
1667 2705 1803 2782 evolu-

215 2842 315 2916 tione
336 2869 404 2916 sua
425 2869 505 2920 uon
524 2840 646 2944 explet
666 2841 739 2916 nisi
756 2854 923 2942 partem:
950 2840 1053 2917 unde
1069 2854 1179 2918 antea
1193 2839 1410 2930 statuimus,
1434 2831 1564 2908 adesse
1583 2832 1623 2909 in
1641 2833 1801 2936 Asperi-

212 2967 389 3046 ioliarum
412 2970 546 3046 ordine
571 2967 738 3044 notabile
765 2966 1025 3046 membranam
1054 2967 1152 3044 inter
1176 2968 1239 3046 ovi
1263 2980 1454 3044 externam
1489 2960 1702 3062 pericarpio
1729 2961 1804 3038 ad·

209 3095 389 3198 plicatam
420 3113 458 3172 et
486 3097 750 3198 caeterasejus
770 3099 922 3174 tunicas
943 3097 1119 3202 proprias
1140 3096 1400 3184 interstitium,
1428 3089 1534 3192 quod
1560 3084 1805 3190 subsequenti

210 3224 277 3300 ovi
299 3224 531 3300 incremento
561 3225 749 3304 sublatum
775 3227 833 3302 sit
892 3225 1164 3304 Deficientibus
1186 3239 1313 3302 nmen
1337 3221 1377 3296 in
1405 3215 1524 3320 priori
1550 3215 1651 3290 uotis
1680 3241 1804 3290 mem-

209 3349 357 3425 branae
382 3366 554 3430 externae
576 3353 905 3450 characteristicis,
930 3356 1046 3432 satius
1071 3355 1239 3449 videtur,
1261 3351 1311 3428 ad
1337 3346 1550 3450 exemplum
1577 3343 1661 3437 ovi,
1694 3342 1805 3446 quale

208 3481 253 3554 in
283 3475 621 3556 Umbelliferis
647 3481 932 3562 observavimus
957 3511 1003 3560 ac
1025 3483 1291 3585 descripsimus
1319 3481 1392 3581 (De
1418 3503 1495 3554 ovo
1520 3497 1602 3574 veg.
1630 3468 1711 3546 obs.
1738 3495 1807 3546 re-

208 3621 310 3682 cent.
331 3609 430 3706 17.),
460 3606 669 3688 absentiam
692 3609 806 3710 hujus
829 3609 1073 3690 membranae
1096 3613 1372 3718 pronunciare,
1397 3631 1512 3708 quum
1534 3601 1585 3678 ad
1611 3597 1802 3678 insolitam

208 3736 327 3812 talem
351 3735 430 3834 ejus
452 3764 474 3813 a
497 3739 651 3820 caeteris
682 3737 890 3818 involucris
927 3743 1204 3844 separationem
1238 3743 1452 3839 confugere.
1516 3731 1643 3807 Ovum
1679 3727 1806 3828 ipsum

209 3877 340 3940 autem
368 3891 390 3939 c
421 3865 572 3946 duobus
608 3867 780 3949 consistit
808 3865 1034 3966 involucris,
1074 3899 1239 3974 quorum
1273 3867 1378 3972 prins
1418 3857 1577 3940 tunicati
1612 3883 1702 3934 vasa
1735 3881 1806 3932 ex-

206 3993 306 4094 cipit
332 4007 368 4066 et
393 3991 481 4071 binc
506 3994 748 4075 membranae
771 3997 939 4073 internae
970 4024 1110 4078 nomen
1140 4013 1325 4092 meretur,
1366 3979 1525 4070 alterum
1552 4011 1644 4064 vem
1663 4009 1805 4083 ,Omssffi

207 4122 453 4226 perispermii
478 4139 588 4230 notas
614 4121 739 4205 babet.
806 4125 857 4202 Et
883 4121 995 4221 hujus
1020 4129 1175 4230 quidem
1201 4127 1265 4205 ovi
1291 4121 1536 4212 mutationes,
1570 4127 1686 4218 prout
1711 4111 1804 4198 olim

198 4256 314 4358 ipsus
336 4250 643 4350 observavimus,
668 4282 763 4358 quas
791 4255 968 4360 deinceps
992 4256 1222 4334 confirmare·
1238 4252 1395 4354 contigit
1410 4243 1707 4334 observationes,
1725 4237 1805 4330 ‚hae

204 4393 313 4460 sunt.
365 4383 506 4460 Uterus
527 4383 588 4460 vix
614 4383 865 4465 foecundatus
887 4411 1003 4466 ovum
1029 4395 1130 4462 arcte
1154 4380 1332 4474 includit,
1365 4375 1472 4476 cujus
1495 4368 1716 4448 membrana
1740 4369 1807 4444 in·-

58 4539 69 4562 ·
198 4511 328 4588 terior
362 4507 599 4589 crassitutline
627 4511 807 4592 notabilis
841 4529 904 4592 cst.
930 4513 1047 4616 inque
1070 4535 1166 4592 cavo
1193 4537 1265 4589 suo
1290 4509 1351 4588 vix
1379 4503 1500 4588 ullum
1517 4497 1653 4582 Adbuc
1676 4499 1805 4576 sotere

198 4639 359 4720 videtur.
384 4641 672 4742 perispertuium
696 4642 802 4746 (rig.
824 4659 943 4722 nostr.
961 4647 1050 4738 26).
1113 4639 1224 4716 uuas
1253 4650 1394 4716 statum
1424 4628 1561 4732 excipit
1588 4629 1733 4712 fructu
1766 4625 1806 4704 3¹¹

197 4769 395 4868 maionem
420 4767 610 4854 ambitum
629 4766 823 4866 dilatetis,
842 4798 970 4878 quam
988 4767 1147 4853 nullum
1167 4765 1369 4866 ,bucusque
1394 4758 1562 4863 sequitur
1587 4756 1652 4838 ovi
1671 4755 1804 4846 ¹incre·

1279 4891 1307 4965 9
1330 4893 1342 4922 Ι
