4786 5996
1225 552 1515 636 ..30-

574 746 733 826 butione
757 771 837 824 nun
873 745 1026 848 penitus
1054 745 1235 842 satisfacit
1257 761 1295 824 et
1321 745 1468 825 ridetur
1494 743 1604 820 etiam
1630 745 1769 822 florum
1795 742 2031 848 polygamiae,
2066 736 2169 843 quali

574 876 730 980 quidem
755 873 927 951 Fe'rula
953 875 1109 977 gaudet,
1142 901 1227 950 cum
1255 873 1312 951 ΙΙΙ.
1337 872 1631 976 Sprengelio
1668 899 1747 950 esse
1787 871 2034 976 respicienda.

697 1127 1024 1208 Peucedannm
1054 1129 1314 1206 officinale
1338 1130 1385 1205 L.
1445 1125 1567 1225 Hujus
1599 1155 1648 1203 ne
1687 1129 1841 1232 quidem
1879 1128 2037 1206 varietas
2073 1152 2171 1200 ron-

576 1271 703 1349 stans‚
728 1257 794 1334 sed
821 1256 904 1334 sola
934 1259 1059 1334 forma
1086 1260 1280 1358 procerior
1305 1257 1488 1334 foliorum
1516 1254 1663 1332 laciniis
1693 1255 1931 1357 longioribus
1957 1267 2012 1328 est
2038 1256 2172 1330 Peuc.

576 1383 802 1462 Italicum
824 1388 951 1461 Pers.
975 1388 1120 1490 (Synl.
1138 1390 1243 1489 310.)
1269 1415 1299 1463 s.
1323 1390 1454 1462 Peuc.
1478 1382 1629 1485 majus
1655 1384 1759 1460 ltal.
1784 1387 1826 1462 C.
1848 1389 1890 1459 B.
1911 1385 1951 1459 P.
1978 1398 2015 1457 et
2039 1385 2173 1462 Peuc.

576 1513 840 1592 officinale
874 1513 917 1612 β
941 1515 1096 1591 Linn.:
1134 1516 1207 1592 talc
1241 1519 1343 1594 enim
1375 1515 1469 1594 illud
1495 1515 1649 1617 jamjam
1675 1513 1872 1589 dicuntae
1897 1515 2058 1615 pingunt
2082 1516 2177 1588 Lo-

573 1639 738 1720 belius
763 1669 809 1718 ac
831 1639 1372 1753 Tabernaemontanns:
1411 1653 1484 1723 nec'
1508 1648 1549 1723 iu
1584 1641 1836 1744 descriptione
1864 1639 1919 1716 (ΖΙ.
1946 1640 2176 1718 Bertolo-

574 1773 642 1848 nii
669 1773 846 1876 (Amoen.
873 1775 978 1868 138.)
1001 1773 1145 1876 aliquid
1170 1776 1393 1876 reperimus,
1418 1778 1522 1880 quod
1550 1772 1800 1851 distinctionis
1825 1797 1938 1872 serpo
1959 1773 2173 1848 satisfaciat

575 1903 690 1979 Recte
716 1905 830 2005 igitur
857 1902 912 1980 Cl.
936 1903 1019 1978 Viri
1046 1901 1285 1980 Smithius
1311 1919 1349 1978 et
1375 1901 1665 1980 Candollius
1690 1914 1892 2000 utramque
1917 1902 2080 1974 formam
2103 1897 2174 1973 sub

576 2033 618 2108 P.
640 2031 900 2111 officinali
929 2029 1218 2130 conjunxerunt,
1244 2062 1314 2110 nec
1337 2060 1539 2137 possumus
1559 2046 1657 2110 stare
1679 2025 1889 2131 apartibus
1919 2027 1975 2104 Cl.
1999 2029 2175 2129 Spren-

483 2246 488 2260 Ι
576 2160 713 2262 getii,
740 2165 806 2264 qni
832 2164 873 2236 P.
897 2157 1124 2234 Italicum
1148 2161 1255 2260 jubet
1283 2189 1363 2240 esse
1393 2166 1530 2256 Peuc.
1553 2157 1733 2238 Gallici
1765 2159 1868 2232 Pers.
1896 2155 2016 2256 (quod
2043 2155 2175 2231 Peuc.

577 2289 853 2390 parisiense
879 2288 1022 2366 Cand.
1051 2285 1107 2363 Fl.
1131 2290 1195 2364 Pr.
1217 2294 1282 2367 IV.
1306 2295 1409 2392 336.)
1436 2293 1649 2371 varietatem
1672 2291 1756 2365 ssor.
1780 2287 1899 2362 luteis.
1949 2285 2052 2358 Haec
2077 2283 2177 2357 enim

578 2414 721 2516 species
747 2416 864 2494 modo
891 2417 1110 2511 nominata,
1137 2417 1235 2496 ultra
1261 2420 1391 2497 decem
1415 2448 1538 2497 annos
1561 2417 1717 2495 anobis
1744 2417 1783 2490 in
1809 2413 1921 2488 horto
1950 2411 2028 2487 bot.
2051 2416 2178 2487 Wra-

577 2540 782 2620 tislariensi
799 2544 911 2641 culta,
937 2543 1189 2621 characterem
1205 2574 1401 2651 nunquam
1424 2548 1610 2652 deposuit,
1637 2544 1776 2623 scilicet
1794 2557 1976 2620 staturam
2000 2559 2173 2646 respectu

579 2672 621 2748 P.
648 2673 927 2752 officinalis
963 2673 1082 2777 duplo
1108 2676 1318 2772 minorem,
1355 2676 1448 2754 folia
1470 2679 1597 2753 miuus
1626 2675 1858 2776 composita,
1897 2701 2060 2776 quorum
2085 2671 2177 2748 laci-

579 2797 666 2874 niae
688 2797 738 2874 ab
765 2801 924 2880 invicem
951 2803 1173 2906 divergunt,
1210 2804 1449 2884 involucrum
1475 2805 1678 2908 persistens
1702 2801 1989 2907 polyphyllum,
2014 2801 2176 2880 corollas

580 2924 707 3025 albas,
733 2944 820 3006 ante
845 2934 1115 3035 expansionem
1137 2949 1462 3037 purpurascentes.
1513 2937 1623 3010 Hanc
1656 2935 1864 3036 exprimere
1891 2934 2036 3008 videtur
2058 2933 2176 3008 Peu-

581 3055 797 3132 cedanon
833 3060 987 3136 Dodon.
1021 3063 1214 3164 (Purgant.
1244 3067 1361 3160 480),
1390 3088 1487 3165 quae
1512 3063 1601 3138 icon
1636 3055 1766 3166 postea
1795 3058 2059 3155 aLobelio,
2095 3077 2176 3137 turn

523 3219 525 3222 ·
582 3183 693 3258 etiam
723 3210 746 3259 a
775 3185 946 3262 Clusio
974 3214 1020 3262 ac
1046 3189 1262 3266 Gerardo
1296 3193 1392 3266 inter
1416 3217 1504 3266 suas
1529 3206 1700 3291 recepta,
1727 3189 1883 3266 diversis
1912 3203 2036 3264 tamen
2061 3187 2175 3291 plan·-

582 3315 633 3388 tis
676 3340 757 3389 non
793 3316 882 3390 satis
916 3315 1015 3393 felici
1059 3315 1218 3393 consilio
1250 3320 1436 3422 adplicata
1473 3320 1554 3393 fuit.
1621 3321 1723 3393 Num
1755 3316 1917 3417 denique
1942 3320 2074 3392 Peuc.
2100 3346 2199 3434 ru·x

582 3441 827 3520 thenicum
855 3448 908 3521 M.
930 3449 988 3541 tt,
1014 3446 1074 3522 cni
1099 3445 1193 3520 folia
1217 3449 1342 3524 minus
1368 3447 1501 3543 divisa,
1522 3445 1666 3522 laciniis
1692 3443 1910 3540 latioribus,
1936 3447 2079 3522 semina
2103 3473 2177 3520 au·-

583 3583 659 3645 tem
688 3571 807 3673 duplo
833 3576 984 3651 minora
1005 3590 1117 3667 sunt„
1147 3577 1289 3676 species
1315 3578 1362 3651 sit
1384 3577 1473 3653 satis
1496 3605 1519 3654 a
1551 3580 1681 3652 Peuc.
1706 3573 1954 3652 officinali
1989 3577 2176 3669 distincta,

583 3698 739 3776 ulterius
771 3703 1037 3804 inquirendum
1061 3715 1196 3778 restat:
1235 3703 1347 3780 nobis
1378 3705 1509 3783 saltem
1545 3709 1690 3782 formae
1716 3702 1957 3780 intermediae
1984 3705 2066 3780 dari
2090 3720 2177 3780 sunt

584 3830 705 3926 uisae,
733 3857 829 3933 quae
845 3845 1061 3932 antrumque
1085 3830 1326 3933 conjungant.

688 4082 1024 4159 Peucedanum
1049 4083 1284 4160 nodosum
1312 4089 1355 4161 L.
1381 4091 1446 4163 W.
1468 4091 1533 4192 Sp.
1598 4088 1720 4186 Hujus
1744 4111 1899 4161 examen
1933 4089 1972 4161 in
1997 4083 2173 4162 herbario

586 4209 906 4287 Tournefortiano
932 4237 1004 4286 nos
1030 4211 1200 4310 edocuit,
1227 4241 1307 4290 esse
1330 4217 1492 4292 Cnidii
1521 4217 1706 4320 speciem,
1738 4215 1857 4291 modo
1892 4211 1968 4288 hoc
2002 4239 2123 4314 genus
2153 4243 2175 4290 a

585 4339 844 4444 Ligustico
873 4357 1088 4444 separatum
1109 4357 1298 4437 serretur,
1331 4357 1531 4446 potestque
1558 4345 1724 4420 deliniri:
1765 4342 1989 4419 Cnidium
2016 4335 2177 4444 (nodo-

587 4470 704 4569 sum)
730 4470 831 4548 foliis
857 4468 1073 4564 multifidis,
1105 4467 1222 4544 caulis
1244 4467 1357 4544 nodis
1380 4473 1603 4548 incrassatis.
1628 4515 1681 4532 —
1706 4470 1833 4548 Caulis
1860 4470 1962 4570 ejus,
1995 4471 2062 4573 qui
2085 4470 2176 4547 alti-

586 4594 756 4692 tudinem
780 4598 1088 4703 quadripedalem
1114 4623 1290 4698 superare
1318 4600 1485 4696 videtur,
1512 4615 1567 4676 est
1593 4616 1709 4696 teres,
1742 4601 1886 4677 solidus
1912 4597 2042 4702 glaber
2068 4601 2182 4676 stria-

484 4749 489 4760 ·
587 4723 851 4825 tustglaucus,
890 4729 938 4805 ad
965 4729 1206 4804 insertionem
1245 4726 1407 4826 cujusvis
1442 4731 1571 4834 petioli
1604 4731 1798 4834 insigniter
1829 4729 2016 4825 tumidus,
2050 4727 2101 4803 ita
2138 4741 2181 4802 ut
