4786 5996
1258 542 1545 626 ..3-

1357 790 1371 811 „
1425 736 1466 812 5.
1860 809 1865 818 .

1043 735 1533 968 UMBELLmEbARUM
1571 891 1759 968 SEMEN.

719 1072 916 1174 singulare
957 1072 995 1146 in
1034 1041 1368 1147 Umbelliferarum
1406 1071 1547 1146 semine
1592 1069 1883 1175 phaenomenon
1920 1086 1974 1148 est
2012 1073 2198 1152 canalium

604 1201 866 1293 deiferorum,
901 1225 998 1300 quos
1025 1197 1134 1272 vittas
1156 1197 1349 1299 adpellare
1375 1195 1516 1300 placuit
1543 1195 1837 1292 recentioribus,
1872 1201 2078 1276 secundum
2107 1202 2201 1278 lon-

601 1311 809 1432 gitudinem
832 1325 911 1426 ejus
934 1325 1123 1398 decursus.
1174 1325 1243 1400 Est
1263 1339 1388 1401 antem
1406 1326 1462 1402 Cl.
1477 1327 1577 1401 Hof
1580 1329 1600 1400 f
1603 1323 1763 1401 manni
1785 1325 1966 1400 sententia
1991 1326 2199 1424 (Umbellif.

603 1462 761 1562 praefi),
803 1459 906 1558 ipsos
939 1455 1123 1531 contineri
1167 1451 1424 1554 integumenti)
1462 1455 1615 1532 seminis
1650 1450 1709 1532 vel
1744 1439 1897 1526 externo
1938 1452 1996 1530 vel
2035 1455 2198 1551 interno,

601 1567 681 1682 rel,
712 1585 815 1688 quod
840 1597 967 1658 tamen
993 1583 1114 1657 rarius
1139 1581 1226 1675 fiat,
1253 1579 1473 1659 membrana
1500 1583 1704 1660 albuminis
1730 1582 1895 1686 propria.
1947 1582 2067 1658 Paulo
2094 1583 2199 1660 aliter

532 1731 545 1748 ¹
603 1716 715 1789 docet
749 1709 810 1786 lll.
846 1709 1138 1798 Candollius
1173 1708 1492 1809 (l.c.11.12.),
1535 1710 1682 1788 canales
1716 1710 1851 1805 hosce,
1893 1739 1973 1786 non
2005 1708 2103 1785 bene
2138 1713 2201 1790 di-

508 1870 514 1878 ·
602 1839 869 1942 stinguendos,
903 1839 981 1958 pisi
1015 1837 1055 1912 in
1086 1850 1193 1914 statu.
1215 1840 1564 1934 fructusmaturo,
1601 1837 1750 1924 nullum
1782 1838 1922 1916 babere
1954 1864 2041 1912 cum
2075 1837 2200 1942 calyce

602 1995 762 2062 nexum,
801 1967 930 2041 adesse
958 1968 1057 2043 enirn
1088 1993 1153 2040 eos
1180 1990 1333 2067 quoque
1364 1965 1405 2040 in
1431 1967 1698 2065 commissura,
1740 1997 1836 2072 quae
1862 1966 1998 2071 calycis
2024 1967 2201 2042 contactu

601 2086 761 2172 omnino
795 2093 843 2170 sit
876 2119 1028 2198 expers:
1074 2122 1144 2170 nec
1178 2096 1297 2195 magis
1333 2090 1533 2196 probabile
1567 2121 1670 2190 esse,
1715 2096 1755 2171 in
1787 2093 2010 2170 membrana
2048 2094 2200 2192 seminis

601 2225 758 2328 propria
784 2224 887 2327 ipsos
913 2222 1132 2315 decurrere,
1168 2250 1259 2298 cum
1287 2223 1411 2299 adsint
1443 2223 1482 2296 in
1511 2223 1656 2319 fructu,
1692 2202 1835 2300 etiarnsi
1861 2250 1989 2299 semen
2017 2220 2199 2317 abortiat,

602 2382 675 2456 pro
707 2370 811 2430 certo
846 2355 973 2454 itaque
1005 2375 1115 2452 posse
1150 2349 1363 2443 adfirmari,
1400 2350 1527 2424 sedem
1561 2351 1653 2452 ipsis
1687 2378 1766 2426 esse
1798 2353 1838 2426 in
1871 2350 2093 2426 membrana
2124 2351 2200 2447 illa,

602 2508 699 2588 quae
726 2480 926 2584 pericarpii
953 2478 1080 2585 vicem,
1097 2479 1286 2558 sustineat.
1336 2478 1394 2551 Ex
1420 2476 1484 2572 iis,
1520 2505 1617 2580 quae
1643 2505 1757 2581 supra
1786 2479 2047 2582 exposuimus,
2083 2495 2197 2583 patet,

600 2613 641 2684 ni
667 2605 853 2703 fallimur,
892 2604 986 2681 haec
1019 2605 1144 2682 minus
1178 2609 1287 2684 inniti
1321 2604 1673 2704 observationibus,
1712 2633 1828 2710 quam
1855 2607 1981 2708 potius
2008 2611 2197 2712 praecon-

601 2751 729 2840 ceptae
766 2736 813 2811 de
842 2732 1175 2811 Umbelliferarum
1211 2737 1353 2812 semine
1390 2734 1585 2838 opinioni:
1629 2751 1802 2812 naturam
1838 2737 1939 2812 enim
1973 2741 2040 2842 qui
2064 2740 2197 2816 sedulo

601 2861 783 2959 consulit,
809 2889 898 2942 vasa
924 2861 1080 2938 oleifera
1101 2861 1357 2966 deprehendet
1377 2863 1417 2937 in
1438 2876 1538 2938 statu
1563 2866 1708 2941 fructus
1732 2864 1887 2965 juvenili
1909 2866 2012 2944 haud
2038 2869 2197 2970 aegrius,

601 3022 717 3100 quam
757 2992 798 3068 in
834 2989 990 3084 adulto,
1026 3002 1063 3063 et
1094 3002 1186 3065 tunc
1219 2985 1396 3094 apparet,
1432 2994 1615 3070 contineri
1648 2995 1730 3096 ipsa
1761 3009 1977 3071 constanter
1999 2996 2197 3074 involucro

603 3123 763 3216 extimo,
788 3120 893 3222 quod
917 3116 988 3194 sub
1015 3149 1052 3200 a·
1074 3143 1189 3219 supra
1211 3124 1262 3223 (p.
1273 3128 1308 3205 6.
1335 3149 1430 3199 vers.
1446 3128 1523 3220 19.)
1545 3123 1821 3220 recensuimus,
1844 3122 2025 3228 quodque
2047 3124 2196 3229 calycis,

580 3250 802 3356 ,pericarpii
826 3275 871 3322 ac
896 3259 1016 3321 testae
1044 3245 1144 3322 vices
1179 3276 1254 3325 una
1287 3252 1464 3347 sustinet,
1502 3250 1631 3355 ibique
1665 3279 1744 3328 esse
1778 3252 1861 3356 ipsa
1887 3281 2006 3357 prope
2032 3255 2196 3358 superir-

601 3383 695 3457 ciem
717 3371 899 3456 internam
927 3373 1041 3475 hujus
1067 3376 1252 3454 involucri
1279 3378 1474 3474 collocata,
1501 3377 1645 3484 absque
1665 3379 1852 3460 solutione
1875 3382 2044 3460 continui
2066 3383 2196 3484 quoad

602 3539 785 3606 massam,
821 3534 897 3612 qua
931 3508 1179 3584 continentur.

712 3740 794 3820 sub
834 3741 1147 3818 Licbtensteiniae
1174 3744 1341 3818 vnomine
1387 3745 1443 3822 Cl.
1484 3748 1566 3824 Viri
1608 3747 1861 3824 Chamisso
1897 3763 1933 3823 et
1963 3748 2196 3826 Schlech-

600 3869 764 3946 tendal
794 3867 1072 3945 umbelliferum
1105 3899 1222 3973 genus
1255 3871 1455 3947 distinxeie
1484 3877 1674 3975 (Linnaea
1694 3880 1723 3953 1.
1745 3880 1870 3978 394),
1906 3876 2012 3980 quod
2045 3878 2193 3955 “vitta-

601 4029 686 4077 rum
719 3998 790 4076 sub
824 3997 921 4102 jugis
955 4001 1115 4077 decursu
1146 3999 1196 4074 ab
1227 3996 1405 4076 omnibus
1441 4003 1677 4108 discrepans,
1717 4034 1786 4081 nec
1814 4005 1886 4081 nisi
1920 4003 2194 4081 Melanosclino

600 4127 737 4205 Kochii
767 4128 881 4204 hacce
913 4143 1005 4204 nota
1037 4129 1178 4207 affine''
1211 4130 1367 4225 dicitur3
1408 4128 1502 4206 haec
1536 4133 1750 4212 observatio
1781 4133 1952 4211 ulteriori
1985 4136 2194 4211 confirma-

599 4257 702 4332 tione
735 4257 774 4331 in
800 4258 984 4335 fructibus
1009 4259 1105 4336 bene
1131 4261 1327 4336 maturatis
1354 4274 1430 4335 tarn
1457 4256 1569 4358 hujus
1596 4289 1710 4364 quam
1737 4247 1895 4338 aliarum
1921 4259 2194 4339 Umbellifera-

597 4413 683 4461 rum
710 4386 823 4487 digna
850 4383 1005 4463 videtur.

713 4571 836 4696 Supra
890 4573 1200 4687 annotavimus,
1229 4594 1364 4668 florem
1402 4594 1441 4670 in
1483 4594 1609 4672 hacce.
1630 4597 1844 4700 plantarum
1888 4594 1991 4672 tribu
2035 4596 2188 4674 herma-

598 4718 854 4820 phroditicum
899 4747 968 4826 per
1013 4723 1130 4824 ipsius
1168 4722 1343 4826 genitalia
1391 4724 1551 4802 feminea
1581 4725 1633 4802 'in
1668 4727 1762 4806 duas
1798 4743 1923 4832 partes
1955 4728 2123 4828 dividi,
2155 4742 2191 4802 et
