4830 5996
692 675 776 742 Pro.
799 679 851 748 16.
893 643 1152 760 Perispermiom
1177 671 1332 752 interius,
1366 675 1458 760 quale
1489 674 1550 742 hac
1580 678 1615 744 in
1643 675 1779 766 periodo
1807 685 1996 770 comparet,
2028 688 2165 754 seorsim

579 759 773 936 mmor,
802 781 864 850 per
895 757 1041 826 medium
1070 759 1264 842 dissectum,
1293 768 1332 824 ut
1358 781 1477 828 carum
1498 764 1568 849 ejus
1595 785 1670 830 cunr
1692 764 1877 853 embryone
1896 769 1932 834 in
1953 785 2165 860 conspectum
2264 856 2274 865 ·

695 956 777 1023 Fre.
801 966 853 1029 17.
895 953 1048 1044 Embryo
1065 963 1255 1044 separatur,
1280 954 1382 1044 magis
1404 955 1509 1024 adhoc
1529 971 1655 1028 anctus.
1702 981 1742 1049 g.
1758 983 1890 1050 guma
1911 966 1991 1050 ejus.
2038 994 2086 1038 cc.
2108 994 2168 1038 eo.

583 1039 720 1128 tyledon
743 1053 880 1128 utraque
902 1041 1008 1113 hians.

696 1175 779 1240 rm.
799 1185 848 1246 13.
890 1173 1031 1272 Trapae·
1043 1172 1182 1238 natantis
1197 1170 1239 1238 L.
1251 1193 1396 1258 germen
1417 1171 1516 1238 modo
1533 1171 1814 1240 foecundationem
1829 1189 2020 1264 expertum,
2041 1185 2169 1270 magni·

560 1259 695 1328 etudine
718 1259 891 1324 adauctum
918 1261 1129 1345 conspicitur.
1181 1267 1232 1354 st.
1255 1261 1362 1344 stylus
1384 1259 1555 1325 abscissus.
1606 1281 1661 1325 co.
1685 1260 1805 1346 calycis
1834 1263 1965 1329 laciniae
1985 1271 2169 1355 superiores

582 1372 608 1414 s.
631 1346 800 1412 interiores
824 1356 1000 1412 truncatae.
1034 1341 1096 1514 {in
1119 1341 1282 1408 fumiculus
1307 1343 1514 1426 umlrilicalis,
1533 1365 1598 1432 quo
1620 1365 1722 1408 ovum
1744 1356 1793 1410 est
1814 1367 2022 1434 suspensum.
2064 1375 2094 1421 r.
2113 1377 2172 1420 ra·

584 1452 698 1499 sorum
723 1428 890 1494 fasciculus
918 1427 1036 1516 (rsplre
1071 1431 1157 1494 intra
1185 1445 1289 1492 ovum
1309 1427 1508 1496 descendens
1529 1442 1563 1496 et
1583 1429 1617 1496 in
1639 1427 1693 1495 cle.
1715 1430 1893 1497 terminum
1914 1456 2012 1503 suum
2038 1436 2171 1506 habens.

583 1516 646 1583 mi.
668 1515 859 1581 membrana
881 1514 1026 1580 interior.
1067 1535 1096 1579 c.
1117 1513 1174 1580 ovi
1196 1515 1326 1578 cavitas.

698 1644 781 1713 Fre.
804 1656 856 1720 19.
900 1643 1064 1710 Contenta
1086 1641 1182 1726 liujus
1203 1643 1274 1710 cavi
1295 1647 1449 1720 seorsim,
1475 1665 1595 1730 nempe
1610 1665 1651 1730 p.
1672 1645 1924 1734 per-isperminm
1947 1651 2174 1722 tenuissimum

584 1729 999 1905 illilllroeallrcumwmm’
1036 1738 1072 1794 ut
1085 1725 1121 1816 J.
1147 1727 1312 1794 funiculus
1341 1731 1510 1794 celluloeus
1539 1729 1759 1818 embryouem
1786 1734 1958 1820 globosum
1978 1757 2009 1802 e.
2033 1753 2176 1822 nectens,

698 1929 781 2026 Flo.
805 1936 858 1999 2ο.
903 1921 995 1990 Idem
1018 1921 1175 2022 ovumin
1198 1923 1343 1992 secundo
1372 1925 1566 1994 incrementi
1595 1929 1645 1996 sui
1675 1929 1779 1998 stadio
1807 1930 2018 2000 delineatume
2051 1933 2177 2024 signill-

586 2015 714 2082 catione
738 2015 906 2078 literarum
928 2010 1039 2074 eadem
1063 2021 1098 2074 ut
1118 2031 1153 2074 ru
1175 2009 1213 2074 F.
1232 2021 1284 2088 19.

700 2126 783 2192 Fre.
807 2135 860 2196 21.
904 2125 1055 2210 separate
1074 2141 1114 2206 p.
1134 2121 1361 2207 perisperrnii,
1390 2118 1427 2208 f.
1449 2121 1583 2189 funiculi
1604 2123 1746 2191 cellulosi
1767 2139 1799 2194 et
1821 2149 1850 2195 e.
1868 2127 2060 2216 embryonis
2081 2129 2179 2197 exhi-

587 2209 686 2290 bitio,
716 2209 771 2274 ubi
793 2209 891 2274 simul
913 2206 1048 2272 luniculi
1072 2207 1261 2305 extremitas
1285 2205 1380 2272 bifida
1403 2210 1618 2295 conspicitur,
1646 2211 1727 2277 lobia
1758 2215 1981 2304 magnitudine
2001 2216 2179 2304 inaequali·

590 2297 667 2378 bus,
699 2295 884 2380 embryone
905 2306 1014 2358 autem
1036 2293 1072 2355 ln
1095 2313 1168 2356 sinu
1190 2313 1337 2378 ipsorum
1362 2292 1526 2359 haerente.

702 2407 785 2474 Fre.
803 2417 859 2480 22.
900 2403 993 2470 Idem
1017 2425 1120 2468 ovum
1144 2403 1178 2468 iu
1202 2405 1300 2469 tertio
1321 2404 1516 2470 incrementi
1536 2405 1587 2469 sui
1609 2405 1723 2476 stadio.

703 2519 787 2584 Fre.
809 2527 863 2590 23.
907 2517 1017 2598 Hujus
1039 2515 1182 2601 embryo
1202 2537 1231 2581 e.
1253 2518 1391 2582 seorsim
1415 2537 1491 2580 curn
1512 2513 1656 2583 funiculo
1677 2521 1835 2586 celluloao
1856 2517 1912 2608 f„
1943 2517 1987 2584 ob
2008 2519 2179 2585 retractio·

589 2626 667 2672 nem
692 2604 835 2690 crispato
857 2614 890 2666 et
914 2601 1090 2667 substantia
1111 2600 1269 2687 pellucido
1291 2626 1324 2666 ι.
1345 2605 1381 2668 in
1402 2601 1594 2688 embryouis
1614 2623 1736 2694 corpus
1755 2626 1901 2673 crassum
1924 2606 2148 2672 descendente.

703 2717 787 2782 Fre.
807 2719 861 2788 24.
905 2713 1087 2801 Quartum,
1109 2724 1142 2777 et
1163 2709 1296 2778 tandem

703 2827 787 2893 Fre.
809 2836 863 2898 23.
906 2825 1059 2911 quintum
1081 2823 1275 2892 incrementi
1297 2825 1442 2909 ejusdem
1465 2828 1521 2894 ovi
1544 2827 1697 2894 stadium.
1755 2827 1923 2914 Embryo,
1944 2829 2041 2891 crassi
2062 2845 2181 2912 corpo·

590 2915 635 2979 ris
656 2931 740 2997 ope,
762 2931 850 2976 nunc
871 2921 978 2976 totum
1001 2907 1071 2974 lere
1091 2910 1275 2994 expletori
1298 2933 1440 2996 cavum,
1460 2915 1558 3002 inque
1579 2935 1609 2981 r.
1630 2916 1733 3003 ipsius
1755 2913 1894 2981 radicula
1915 2909 2123 2998 conspicitur,
2144 2911 2179 2974 in

572 3049 577 3056 .
588 3019 627 3086 g.
648 3009 756 3062 autem
781 3017 930 3084 gemmae
950 2995 1185 3064 rudimentum.

706 3109 792 3182 Fre,
809 3109 863 3183 26.
908 3105 1087 3174 Auchusee
1107 3105 1313 3172 versicoloris
1334 3109 1385 3176 M.
1405 3107 1442 3177 Β.
1470 3111 1620 3175 orarium
1651 3108 1815 3197 singulum
1844 3104 2092 3173 foecundatione
2120 3103 2180 3171 vix

592 3193 738 3260 absoluta
759 3195 946 3259 dissectum.
988 3200 1015 3256 t.
1037 3203 1129 3256 testa.
1173 3213 1219 3257 sc.
1242 3195 1390 3260 cellulosa
1411 3195 1517 3284 ipsam
1540 3199 1669 3262 interne
1693 3197 1847 3260 vestiens.
1896 3201 1941 3258 st.
1962 3190 2180 3280 strophiolum

592 3279 728 3346 Schrad.
770 3277 833 3344 mi.
855 3275 1047 3344 membrana
1067 3275 1216 3342 interior.

708 3393 789 3458 Fre.
810 3401 863 3464 27.
906 3388 997 3454 Idem
1023 3387 1058 3454 in
1079 3390 1182 3458 stadio
1203 3391 1397 3460 incrementi
1419 3389 1563 3460 secundo
1583 3387 1777 3457 exhibitum.
1820 3396 1847 3454 t.
1869 3407 1914 3454 sc.
1939 3395 1985 3452 st.
2006 3384 2070 3452 nri.
2091 3396 2128 3452 ut
2148 3384 2184 3450 iu

595 3475 634 3544 F.
653 3481 706 3552 26.
724 3497 764 3565 p.
786 3474 1051 3564 perisperrnium.

1288 3761 1395 3837 Tar.
1448 3761 1501 3836 ll.

711 3915 793 3982 Fre.
814 3923 868 3988 28.
912 3913 1025 3981 Tertia
1049 3911 1185 3997 hujusce
1208 3912 1333 3980 fructus
1353 3913 1556 3996 obseruatio,
1578 3935 1642 4002 qne
1659 3912 1801 4000 embryo
1823 3929 1853 3978 e.
1871 3909 2018 3999 primum
2037 3909 2072 3975 iu
2094 3911 2185 3998 apice
2287 3972 2294 4002 ι

497 4007 500 4014 ’
597 4001 805 4090 periapermii
827 4000 887 4066 sub
910 3999 1031 4088 globuli
1054 4001 1117 4065 albi
1143 3997 1249 4064 fornia
1269 4001 1479 4088 conspicitur.

714 4112 798 4179 Fre.
820 4123 874 4188 29.
900 4112 1063 4212 ‘Stadium
1087 4123 1259 4198 quartum,
1286 4136 1352 4201 quo
1373 4112 1584 4200 embryonis‚
1612 4108 1699 4173 mole
1719 4103 1940 4206 sna-edeucti,
1976 4097 2185 4204 cotyla-dones

597 4211 965 4348 ἓῖῗξιειὲῗιὲθιέἓιιωο
993 4199 1214 4286 divergeutcs.
1265 4200 1327 4266 mi.
1354 4221 1393 4288 p.
1422 4211 1458 4266 ut
1483 4198 1518 4263 iu
1546 4197 1584 4262 F.
1601 4206 1654 4268 27.
1674 4191 1711 4281 s.
1740 4191 1902 4258 funiculus
1930 4189 2120 4260 umbrlroalra
2145 4186 2184 4251 ad

715 4394 742 4460 F
745 4415 799 4460 ro.
819 4404 875 4470 3ο.
917 4393 1062 4482 Quintus
1084 4391 1278 4460 incrementi
1302 4407 1402 4462 status
1426 4393 1561 4479 hujusce
1579 4391 1681 4471 uteri,
1707 4407 1774 4475 quo
1794 4385 1988 4474 embryonis
2008 4406 2039 4452 e.
2058 4385 2188 4472 cotyle-

599 4477 702 4545 dones
724 4491 835 4544 auctae
859 4479 1144 4568 complicationem
1166 4478 1316 4545 subeunt.

715 4591 797 4658 Pto.
818 4601 873 4664 31.
915 4591 1015 4656 Sexta
1036 4589 1163 4656 fructus
1186 4591 1277 4656 istius
1302 4587 1479 4669 exhibitio,
1514 4607 1724 4676 quaerum,
1752 4584 1845 4668 cujus
1865 4579 1959 4648 radix
1983 4599 2012 4644 r.
2036 4592 2069 4645 et
2092 4593 2190 4668 coty-

603 4672 733 4741 ledoues
754 4699 783 4743 c.
806 4675 1001 4764 perfectioni
1022 4675 1179 4742 accedunt
1199 4673 1341 4758 formae,
1363 4697 1452 4742 nuuc
1474 4686 1576 4742 totam
1598 4671 1669 4739 lere
1688 4672 1815 4739 linctus
1837 4668 2005 4736 caritatem
2028 4667 2147 4755 explet.
