4830 5996
910 495 1204 624 ..221-

246 733 460 810 Nuttalli
471 737 481 810 i
508 734 622 836 (Gen.
646 733 696 838 pl.
722 736 809 812 Am.
837 738 867 810 1.
889 737 990 836 186.)
1017 750 1052 810 et
1080 733 1307 826 Ettiotii,
1342 757 1456 834 quam
1485 728 1611 831 quoad
1639 712 1845 830 specimina

215 839 220 847 ¹
248 883 269 932 e
294 863 406 938 variis
432 862 629 937 Americae
656 863 943 938 confoederatae
970 862 1188 964 regionibus
1211 873 1372 962 accepta.
1425 862 1558 960 Neque
1579 857 1701 958 specie
1727 883 1842 958 sepa-

248 989 323 1063 rari
342 985 510 1098 debent,
536 989 566 1064 si
592 989 842 1066 Nuttallio
865 991 960 1070 fides
986 988 1175 1084 babendo,
1197 992 1327 1068 Sium
1355 985 1679 1086 longisolium
1706 985 1773 1062 l‘b.
1807 1001 1844 1060 et

245 1117 287 1192 S.
309 1115 625 1194 tenuifolium
647 1117 730 1193 Mb.
781 1119 904 1194 Porro
930 1115 1114 1196 boccum
1142 1115 1433 1222 Sprcngelio
1457 1141 1678 1194 revocamus
1701 1116 1842 1190 Cicu-

246 1251 336 1336 tam
362 1244 641 1322 davuricam
668 1241 837 1339 tvi-sch,
863 1241 975 1319 nobis
994 1271 1021 1319 e
1049 1245 1255 1324 seminibus
1268 1257 1303 1321 'a
1327 1245 1383 1322 Cl.
1401 1241 1639 1352 ¹Fischero
1666 1268 1842 1320 commu-

244 1373 376 1450 nicatis
404 1374 491 1448 inde
522 1370 572 1448 ab
597 1398 631 1447 a.
660 1388 773 1460 1824.
814 1374 975 1469 cultam,
1007 1401 1123 1478 quam
1149 1374 1198 1450 ad
1236 1375 1439 1452 Cicutae
1463 1396 1581 1472 genus
1606 1373 1747 1446 referre
1771 1395 1840 1450 re-

243 1515 324 1578 tant
349 1501 491 1576 semina
517 1498 661 1594 oralia,
687 1499 810 1576 tribus
845 1504 958 1578 costis
984 1503 1209 1578 acutissimis
1234 1516 1270 1577 et
1298 1503 1376 1576 lere
1404 1499 1510 1575 alatis
1536 1499 1740 1596 instructa,
1765 1527 1838 1576 nec

241 1658 321 1707 non
351 1626 537 1731 involucri
574 1625 795 1707 universalis
832 1609 1053 1731 praesentia.
1119 1605 1233 1707 Haud
1264 1630 1416 1731 quidem
1443 1631 1567 1731 aptius
1607 1654 1693 1702 cum
1727 1627 1838 1704 Fal-

242 1759 377 1836 ca'ria
400 1759 441 1832 in
476 1781 596 1833 unum
624 1781 743 1857 genus
781 1757 929 1858 cogitur
961 1785 983 1834 a
1018 1759 1286 1838 Candollio
1325 1757 1474 1856 (Prodr.
1514 1758 1576 1830 IV.
1612 1757 1714 1854 110.)
1756 1783 1836 1830 no·-

239 1881 604 1966 mineb'alcariae
630 1883 907 1964 daburicae.
957 1891 1037 1964 Nec
1053 1891 1216 1966 rationes
1246 1887 1447 1984 sufficiunt,
1473 1882 1612 1987 quibus
1638 1898 1836 1985 permotus

238 2013 498 2098 irideoovum
520 2035 638 2114 genus
660 2015 738 2094 sub·
757 2012 959 2095 Critami
984 2017 1139 2096 nomine
1164 2016 1337 2092 condidit
1371 2013 1694 2088 Hoffmannus
1715 2015 1835 2113 (Um-
1899 2043 1906 2046 ·

237 2142 352 2240 bellis.
379 2140 526 2217 Introd·
559 2143 646 2242 db).
697 2145 918 2247 Estpotius
945 2147 1108 2247 genuina
1133 2144 1203 2258 sii
1229 2142 1396 2245 species,
1422 2167 1537 2244 quam
1563 2141 1595 2214 J.
1623 2141 1670 2214 G.
1697 2141 1834 2215 Gme-
1919 2239 1922 2244 ¹
1988 2135 1992 2140 ’

238 2273 369 2348 linus
401 2269 473 2372 (Fl.
496 2267 609 2346 Sibir.
641 2273 751 2346 Tom.
776 2275 806 2348 1.
832 2290 921 2360 201.
947 2286 973 2348 t.
997 2277 1075 2372 47.)
1100 2271 1353 2372 descriptione
1387 2281 1499 2370 atque
1529 2269 1638 2342 icone
1664 2264 1837 2342 illustra-
1990 2367 1994 2376 .

138 2455 144 2460 -
235 2376 317 2479 vits
333 2400 419 2474 licet
447 2396 545 2471 banc
569 2397 787 2474 Gmelini
804 2399 982 2499 ⁸plantam
1006 2399 1060 2476 Cl.
1085 2395 1344 2492 L'cdebour
1372 2392 1545 2496 (Flatt
1570 2396 1600 2468 1.
1618 2397 1722 2495 352.)
1746 2393 1834 2471 velit

237 2525 409 2602 esseerii
443 2521 654 2597 latifolii
675 2524 890 2602 varietatem
917 2525 1044 2625 pinnis
1069 2523 1251 2598 foliorum
1274 2517 1658 2598 lineari-lanceolatis.
1711 2519 1828 2620 Ejus-

236 2654 343 2734 modi
377 2651 476 2726 enim
510 2650 697 2726 varietatis
726 2649 851 2731 nullus
884 2652 1057 2726 meminit
1091 2651 1273 2754 scriptor,
1304 2667 1453 2753 praeter
1486 2649 1542 2728 Fl.
1577 2652 1695 2726 Taur.
1720 2649 1828 2725 Cau-

238 2784 380 2860 rasicae
413 2791 628 2874 auctorem,
666 2779 732 2882 qui
756 2789 883 2854 tamen
910 2779 952 2853 in
979 2778 1269 2882 supplemento,
1296 2781 1430 2857 Sium
1460 2777 1733 2856 latitolium
1761 2805 1830 2854 re·-

233 2909 446 3003 tractando,
478 2908 601 3010 ipsam
639 2906 776 2983 omisit.
828 2907 1016 3011 Neglectis
1038 2924 1165 2986 tamen
1203 2906 1346 2984 foliolis
1371 2907 1651 3010 angustioribus
1684 2924 1722 2986 et
1748 2923 1830 2984 sta-

235 3053 319 3116 tura
342 3037 481 3114 minori
506 3037 634 3112 Sium
661 3025 1030 3114 cicutaefolium
1057 3037 1106 3114 ab
1131 3037 1197 3113 illo
1230 3040 1373 3140 optime
1410 3065 1572 3142 quoquo
1585 3039 1827 3142 distinguitur

235 3165 383 3270 petiolis
418 3161 598 3241 teretibus
631 3163 731 3240 intus
758 3163 981 3259 articulatis,
1005 3164 1142 3268 calycis
1169 3149 1338 3242 dentium
1365 3167 1524 3264 delectu,
1550 3193 1715 3268 quorum
1740 3167 1828 3244 loco

138 3269 144 3277 ⁸
236 3294 340 3372 solus
383 3319 515 3393 margo
559 3291 686 3386 adest,
734 3289 866 3394 petalis
900 3318 944 3368 ex
980 3291 1070 3368 albo
1103 3292 1392 3392 virescentibus,
1437 3297 1621 3372 seminum
1664 3295 1829 3398 denique

236 3422 348 3500 costis
372 3421 490 3498 acutis
511 3415 793 3518 concoloribus,
818 3423 975 3524 quaein
1000 3423 1080 3500 Sio
1102 3420 1319 3499 latilolio
1343 3425 1501 3504 obtusae
1523 3441 1668 3520 suntet
1689 3424 1827 3502 albent.

995 3778 1005 3797 .
1059 3721 1100 3798 a.

763 3721 1292 3954 uurduunun

348 4074 645 4180 Bupleurum
675 4080 1063 4158 ranunculoides
1082 4082 1132 4156 t.
1183 4078 1469 4182 Aequiescirnus
1493 4077 1533 4154 in
1564 4080 1748 4158 sententia
1772 4079 1828 4160 Cl.

233 4207 414 4282 Virorum
440 4204 659 4303 Halleri,
706 4208 956 4286 Candotlii
995 4223 1033 4284 et
1059 4207 1260 4304 Kocbii,
1309 4209 1374 4310 qui
1409 4207 1502 4284 illud
1529 4209 1710 4310 pumilam
1737 4235 1829 4284 cen·-

233 4349 330 4412 sent·
367 4331 497 4437 Bnpl.
554 4334 780 4436 angulosi
844 4337 1082 4437 varietatem,
1128 4365 1243 4443 quam
1287 4331 1389 4410 ‘bene
1441 4337 1614 4436 exprimit
1659 4338 1748 4412 icon
1792 4337 1827 4408 J.-

232 4461 441 4539 Bauhini
485 4465 547 4564 (tl.
582 4463 637 4540 Pl.
673 4465 741 4542 111.
779 4465 822 4542 P.
853 4469 900 4542 Il.
934 4474 1067 4574 199.),·
1100 4469 1197 4544 sicut
1234 4469 1277 4544 Β.
1317 4464 1603 4568 angulosum
1642 4487 1828 4566 perquam

235 4591 437 4668 commoda
461 4593 570 4668 icone
605 4593 826 4695 exprimitur
851 4623 874 4671 a
900 4597 1091 4672 Montio
1129 4597 1171 4671 in
1197 4594 1316 4701 ipsius
1354 4595 1519 4668 editione
1545 4593 1670 4694 operis
1697 4595 1830 4668 Zano-

115 4739 123 4756 ⁸
233 4718 339 4796 niani
362 4721 464 4818 (liar.
488 4719 540 4822 pl.
565 4718 651 4798 bist
677 4735 703 4798 t.
725 4731 823 4822 40.),
859 4721 944 4800 licet
968 4721 1068 4802 banc
1092 4722 1282 4827 plantam,
1317 4751 1433 4828 quam
1459 4749 1531 4827 pro
1561 4747 1662 4800 nova
1696 4717 1824 4820 babet,
