4786 5996
1284 529 1573 610 ...54-

623 727 735 828 igitur
760 731 913 818 notam,
941 749 963 800 a
988 721 1085 800 rasis
1110 718 1362 798 nutrientibus
1389 726 1564 826 petitam,
1591 723 1697 823 cujus
1722 749 1795 825 ope
1820 721 2041 800 membrana
2066 723 2216 798 seminis

624 861 770 934 interna
798 881 917 958 arque
941 848 1048 926 facile
1084 851 1122 924 in
1156 863 1307 926 maturo
1342 854 1506 944 semine,
1535 880 1648 952 quam
1682 854 1722 926 in
1758 849 1888 928 eadem
1930 851 2055 927 adbuc
2079 849 2217 924 tenello

625 1003 680 1064 est
707 978 1028 1084 recognoscenda,
1052 977 1128 1070 illi,
1154 1003 1270 1080 quam
1299 977 1354 1056 Cl.
1380 981 1638 1056 Brownius
1660 982 1846 1090 potiorem
1873 992 2054 1072 autumat,
2080 978 2218 1053 scilicet

623 1113 823 1191 foraminis
850 1120 953 1185 certo
980 1105 1020 1178 in
1046 1104 1133 1180 loco
1167 1109 1415 1206 praesentiam
1447 1137 1532 1210 pro¹
1555 1112 1714 1185 transitu
1748 1111 1924 1186 materiae
1962 1108 2218 1210 prolificantis,

626 1239 912 1346 praeferendam
957 1235 1142 1311 duximus.
1210 1233 1391 1335 Reliquas
1434 1237 1548 1332 duas,
1596 1264 1734 1338 easque
1774 1240 1924 1312 intimas
1964 1237 2029 1314 ori
2073 1237 2218 1310 tunicas

624 1365 859 1475 perispermii
884 1359 976 1466 (sire
1003 1361 1221 1462 albuminis)
1244 1351 1463 1439 formationi
1486 1365 1536 1438 ita
1560 1367 1774 1466 putavimus
1791 1367 1981 1458 inservire,
2000 1379 2043 1438 ut
2066 1361 2220 1438 materia

625 1497 796 1574 nutriens
821 1492 1024 1594 granulosa
1047 1494 1086 1568 in
1113 1489 1264 1567 cellulas
1289 1493 1366 1568 sire
1392 1495 1586 1570 exterioris
1610 1495 1689 1569 sire
1720 1494 1927 1590 interioris,
1952 1519 2018 1568 seu
2045 1493 2218 1593 denique,

627 1627 732 1732 quod
756 1641 883 1700 tamen
908 1623 1141 1697 rarissimum
1164 1621 1224 1713 sit,
1246 1621 1440 1723 utriusque
1461 1620 1574 1696 simul
1596 1622 1824 1722 deponatur:
1851 1647 1926 1722 qua
1948 1620 1994 1694 de
2016 1647 2056 1694 re
2072 1633 2220 1695 utram-

627 1784 700 1860 que
728 1751 964 1858 perispermii
990 1749 1183 1825 exterioris
1210 1762 1248 1822 et
1272 1749 1463 1822 interioris
1488 1747 1710 1841 maluimus,
1745 1775 1860 1850 quam
1892 1744 2013 1822 nuclei
2040 1761 2076 1820 et
2105 1749 2220 1822 amnii

628 1884 743 1960 titulis
768 1910 854 1956 cum
890 1875 946 1954 Cl.
981 1876 1235 1970 Browuio,
1267 1875 1477 1976 designare.
1536 1877 1738 1953 Terminos
1771 1875 2042 1979 disquisitionis
2070 1889 2221 1950 nostrae

627 2015 783 2090 lecimus
807 2008 898 2086 hinc
924 2035 1039 2084 ovum
1073 2003 1145 2081 sub
1171 2004 1488 2102 foecundatione,
1525 2003 1582 2083 vel
1622 2003 1737 2108 paulo
1768 2018 1854 2080 ante
1885 2005 2005 2106 ipsam
2038 2005 2223 2080 constitu·

627 2158 730 2238 turn,
755 2138 858 2215 illinc
881 2163 1009 2210 semen
1035 2149 1247 2209 maturum:
1274 2159 1436 2236 cumque
1467 2134 1572 2209 nulla
1609 2163 1653 2210 ex
1679 2133 1742 2212 ovi
1772 2131 2004 2209 membranis
2040 2162 2105 2210 seu
2129 2163 2220 2210 eva-

631 2293 803 2358 nescere,
830 2293 895 2340 seu
928 2289 1057 2339 reuera
1085 2277 1121 2336 et
1154 2238 1307 2364 proprie
1339 2261 1536 2364 loquendo
1562 2265 1653 2340 oriri
1687 2261 1801 2338 nobis
1826 2261 2023 2340 observata
2049 2265 2107 2359 sit,
2127 2259 2221 2340 'inde

630 2394 890 2494 judicavimus,
915 2407 955 2467 et
971 2390 1228 2492 exemplorum
1256 2390 1401 2466 delectu
1427 2393 1688 2464 demonstrare
1711 2393 1935 2487 studuimus,
1958 2393 2087 2467 eadem
2112 2393 2223 2468 inro-

629 2524 745 2612 lucra,
777 2519 915 2624 quibus
934 2550 1048 2598 ovum
1079 2522 1380 2620 compaginatur,
1399 2523 1510 2594 etiam
1533 2518 1571 2593 iu
1591 2532 1740 2594 maturo
1763 2519 1915 2613 semine,
1939 2537 1974 2595 et
2000 2527 2078 2600 rice
2101 2549 2219 2615 uersa,

627 2653 803 2754 reperiri,
837 2649 922 2726 licet
961 2653 1131 2752 ipsorum
1159 2645 1307 2724 indoles
1342 2676 1414 2753 pro
1455 2650 1602 2726 ratione
1631 2648 1811 2754 temporis
1851 2675 1895 2724 ac
1932 2649 2006 2726 loci
2039 2650 2146 2732 valde
2172 2653 2221 2728 sit

629 2769 782 2857 mutatd'.

745 3026 831 3102 Alia
855 3040 982 3101 tamen
1007 3027 1066 3103 via
1095 3027 1248 3102 incessit
1270 3026 1359 3120 Vir,
1388 3024 1583 3128 plurimis,
1608 3051 1706 3126 quos
1733 3025 1771 3100 iu
1798 3022 2009 3126 plantarum
2036 3029 2224 3104 anatomia

631 3156 808 3259 perfecit,
861 3153 1058 3232 laboribus
1113 3152 1257 3248 clarus,
1310 3147 1571 3230 Mirbelius
1631 3157 1769 3254 (Nouv.
1808 3153 2040 3230 Recberches
2085 3183 2151 3232 sur
2190 3159 2226 3234 la

631 3300 818 3364 structure
845 3297 882 3358 et
915 3281 950 3356 le
985 3280 1300 3384 dc'veloppement
1330 3282 1378 3358 de
1407 3281 1557 3358 l’Orule
1579 3280 1742 3384 vege'tal3
1775 3283 1891 3358 Mem.
1923 3283 1970 3359 de
2002 3283 2145 3364 l'Acad.
2178 3291 2224 3365 R.

631 3418 698 3492 des
724 3420 784 3492 Sc.
811 3413 859 3488 de
890 3409 1007 3488 l’lnst.
1030 3414 1078 3491 de
1110 3416 1265 3491 Franee.
1293 3415 1359 3488 lx.
1384 3413 1528 3516 (1830.)
1549 3418 1664 3508 609.).
1716 3409 1841 3488 Altius
1866 3411 1980 3506 euim,
2005 3438 2119 3515 quam
2138 3431 2224 3492 ante

630 3548 755 3647 ipsum
791 3542 910 3634 ullus,
949 3542 1146 3620 adscendit
1168 3559 1254 3622 eta
1288 3525 1420 3646 primis
1450 3540 1554 3620 oculi
1574 3540 1813 3618 -rudimentis
1835 3536 2227 3630 observationum'se-

629 3679 722 3752 rium
756 3672 934 3766 inchoat3
973 3699 1088 3774 quarn
1121 3674 1214 3749 dum
1234 3674 1506 3776 prosequitur,
1547 3669 1759 3765 concludit,
1798 3667 1890 3744 alias
1923 3670 1976 3746 ita
2006 3698 2226 3751 evanescere

631 3802 893 3896 membranas,
918 3817 960 3876 ut
982 3798 1129 3876 nullum
1157 3801 1318 3903 supersit
1337 3802 1506 3904 ipsarum
1533 3802 1749 3902 uestigium,
1781 3796 1872 3874 alias
1894 3813 2034 3886 contra
2068 3802 2108 3876 in
2129 3830 2226 3882 con-

630 3946 799 4032 spectum
836 3931 985 4022 uenire,
1028 3955 1188 4030 quarum
1224 3930 1472 4032 praesentiam
1517 3928 1620 4004 nulla
1669 3942 1778 4003 antea
1815 3941 1988 4028 potuerat
2026 3928 2224 4006 oculorum

629 4061 727 4134 acies
755 4059 1006 4132 manifestare.
1059 4060 1180 4134 Docet
1214 4060 1341 4160 itaque
1376 4057 1432 4134 Cl.
1464 4058 1556 4151 Vir,
1587 4056 1744 4134 dirersis
1784 4055 2019 4157 temporibus
2049 4055 2227 4155 diversas,

630 4211 767 4286 easque
792 4187 832 4259 in
858 4184 1008 4260 diverso
1033 4212 1207 4280 numero,
1234 4185 1429 4263 observari
1456 4186 1518 4260 ovi
1548 4181 1763 4285 vegetabilis
1789 4182 2041 4278 membranas,
2066 4187 2115 4262 ita
2136 4189 2227 4288 qui·

629 4317 717 4390 dem
744 4327 786 4387 ut
812 4341 832 4388 e
854 4314 997 4389 semiue
1017 4329 1168 4391 maturo
1194 4317 1242 4390 ad
1266 4318 1330 4392 ovi
1355 4293 1480 4389 tenelli
1503 4315 1818 4416 compositionem
1845 4315 1979 4400 etrice
2004 4339 2110 4393 versa
2149 4343 2228 4392 non

630 4443 739 4518 liceat
765 4439 1003 4518 concludere.
1057 4445 1274 4520 Generatim
1308 4472 1399 4522 uero
1433 4444 1650 4544 quinarium
1692 4441 1855 4524 admittit
1887 4449 2054 4544 ipsarum
2088 4471 2227 4522 nume-

630 4600 737 4662 rum,
767 4567 879 4646 simul
906 4599 1089 4669 monens,
1134 4574 1166 4650 si
1197 4573 1358 4648 subinde
1400 4601 1474 4651 una
1514 4601 1558 4650 ex
1585 4573 1644 4651 bis
1672 4573 1728 4650 vel
1766 4571 1882 4656 altera
1914 4572 2030 4666 desit,
2067 4569 2142 4647 hoc
2168 4578 2229 4651 vi-

491 4735 500 4750 ·
631 4699 710 4775 deri
751 4702 876 4800 potius
919 4728 1075 4776 mancae
1110 4699 1365 4778 observationi
1401 4701 1665 4798 tribuendum,
1704 4729 1818 4803 quam
1856 4729 1929 4804 pro
1966 4701 2051 4802 ipso
2085 4701 2230 4778 defectu
