4830 5996
887 489 1233 546 -vn—

380 662 466 729 Fac.
485 671 538 735 32.
565 659 688 729 -Rlcini
718 607 904 724 communis
924 657 968 725 t..
997 677 1130 736 semen,
1165 657 1288 724 sublata
1322 670 1420 741 testa,
1459 659 1684 748 magnitudine
1718 666 1856 730 naturali

266 748 488 836 propositum.
544 742 703 830 filetus,
731 765 797 830 qno
827 765 982 808 vasorum
1010 743 1181 808 fasciculus
1201 744 1426 811 membranam
1452 746 1619 812 internam
1636 747 1719 828 adit,
1750 748 1856 837 ipsam

265 833 438 921 perforans
458 833 494 898 in
515 853 633 898 ramos·
645 830 785 897 radiatos
807 828 972 896 dividitur.
1024 853 1057 894 z.
1077 830 1184 896 ultimi
1207 833 1409 897 ramulorum
1431 833 1564 898 surculi.
1677 855 1679 860 ·

285 1057 304 1122 d
380 973 463 1122 lito.
483 981 538 1122 33¹.
579 967 738 1056 Ejusdem
759 987 896 1056 germen
919 987 995 1034 cum
1017 968 1132 1056 stylis,
1152 983 1252 1059 prout
1271 969 1520 1037 foecundatione
1541 969 1690 1037 nondum
1712 971 1857 1042 absoluta

265 1081 284 1124 a
307 1080 416 1147 pare,
443 1079 508 1143 quo

377 1197 461 1263 Fra.
483 1198 538 1268 34.
580 1213 642 1279 per
668 1191 906 1280 longitudinem
936 1193 1108 1261 dissectum
1137 1205 1170 1260 et
1198 1195 1420 1282 magnitudine
1449 1205 1581 1260 auctum
1602 1195 1786 1261 exhibetur.
1832 1220 1860 1261 a.

264 1287 453 1370 stigmatum
476 1279 694 1344 abscissurum
718 1279 814 1347 basis.
851 1291 877 1345 t.
898 1291 978 1346 testa
999 1283 1066 1346 ovi.
1107 1282 1169 1345 mi.
1190 1283 1382 1349 membrana
1404 1278 1474 1362 ejus
1491 1280 1629 1346 interna.
1673 1301 1703 1344 r.
1724 1281 1856 1348 iunicu·
1924 1333 1926 1338 ·

263 1371 314 1434 lus
337 1387 490 1434 vasorum
513 1366 547 1429 in
571 1379 671 1428 testae
694 1361 867 1451 superficie
890 1365 1089 1430 descendens
1111 1379 1144 1430 et
1172 1387 1233 1453 per
1258 1370 1328 1455 ejus
1349 1367 1500 1433 foramen
1523 1363 1655 1431 basilare
1678 1387 1780 1433 ovum
1802 1369 1856 1432 in-

262 1468 365 1520 trans.
403 1473 461 1540 pe.
480 1449 734 1538 perispermium
756 1450 911 1517 exterius.
955 1474 985 1520 c.
1005 1453 1062 1519 ovi
1083 1451 1215 1518 cavitas.

377 1589 462 1657 Fre.
483 1599 537 1661 35.
581 1586 673 1652 Idem
704 1607 824 1668 ovum,
855 1602 957 1676 prout
986 1589 1121 1678 adparet
1151 1592 1245 1678 stylis
1274 1589 1453 1658 emarcidis.
1506 1599 1533 1655 t.
1554 1588 1615 1653 mi.
1633 1610 1686 1676 pe.
1711 1609 1742 1654 r.
1764 1601 1800 1654 ut
1821 1591 1865 1674 in,

263 1678 301 1744 F.
323 1679 378 1748 34.
421 1684 466 1738 at.
488 1673 707 1757 strophiolum
729 1695 756 1737 a.
778 1677 945 1763 appendix
967 1687 1069 1742 testae
1092 1677 1312 1765 longilormis.
1362 1696 1391 1741 e.
1413 1673 1562 1740 foramen
1584 1675 1748 1742 involucri
1769 1677 1855 1741 utri·

263 1782 383 1848 usqne,
406 1759 493 1846 quod
518 1779 592 1856 vasa
617 1757 766 1823 subeant.
1515 1805 1517 1808 .

376 1899 460 1966 Fto·
483 1904 536 1971 36.
580 1895 672 1962 Idem
695 1917 798 1963 ovum
820 1896 924 1963 serina
945 1897 1185 1978 examinatum,
1213 1897 1435 1988 magnitudine
1456 1898 1594 1965 naturali
1616 1909 1647 1964 et
1734 1935 1741 1942 -

374 2039 457 2105 Fre.
479 2047 534 2111 37.
576 2037 805 2123 Magnitudine
827 2035 958 2102 adaucta
986 2053 1207 2124 conspectum.
1255 2059 1312 2125 pe.
1331 2039 1525 2125 perispertn.
1547 2037 1701 2105 exterius.
1750 2057 1778 2101 c.
1799 2057 1854 2100 ca-

263 2145 343 2193 vum
363 2123 437 2204 ori,
458 2127 509 2190 cui
531 2123 786 2210 perispermiutn
807 2123 946 2188 interius
970 2123 1041 2188 hoc·
1055 2137 1203 2211 tempore
1226 2125 1374 2188 nondum
1397 2124 1528 2190 videtur
1551 2124 1734 2212 inhaerere.

374 2237 452 2302 F1c.
472 2247 527 2310 38.
568 2233 662 2299 Idem
682 2233 743 2298 sub
768 2235 942 2320 incipiente
966 2247 1064 2304 testae
1085 2235 1291 2302 induratione
1314 2237 1565 2302 consideratum.
1610 2215 1636 2302 t.
1658 2230 1718 2297 mi.
1736 2252 1792 2319 pe.
1815 2244 1854 2298 ut

260 2322 296 2388 in
319 2323 358 2388 F.
375 2326 430 2394 34.
475 2321 530 2408 pi.
553 2319 805 2408 per-ispermium
829 2321 988 2403 interius,
1023 2321 1109 2410 qnod
1133 2344 1222 2386 nuno
1242 2321 1388 2408 primum
1411 2323 1446 2386 in
1478 2331 1691 2410 conspectum
1722 2317 1853 2406 prodiit,

262 2429 339 2474 cum
360 2406 544 2492 embryone
565 2427 592 2470 e.
614 2405 670 2490 qui
1643 2427 1645 2432 ·

374 2519 457 2586 Fra.
478 2529 532 2593 39.
575 2513 791 2603 perispermio
818 2514 950 2580 interno
977 2516 1139 2595 inclusus,
1172 2539 1234 2582 nna
1268 2539 1344 2590 cum
1376 2516 1625 2606 cotyledonibus
1655 2514 1851 2592 divaricatis,

262 2615 363 2692 prout
383 2606 478 2692 paulo
501 2603 604 2668 serius
624 2603 775 2690 adparet,
795 2601 981 2666 exhibetur.

376 2716 458 2782 Fns.
480 2723 534 2788 4ο.
577 2717 669 2782 ldem
690 2706 793 2780 ovain
801 2762 809 2793 ,
832 2713 1005 2779 maturitati
1026 2711 1160 2800 propius
1181 2709 1354 2790 accedens,
1375 2713 1427 2777 cui
1447 2723 1530 2778 resta
1550 2713 1676 2780 sublata
1696 2725 1756 2779 est.
1794 2736 1856 2802 pe.

261 2798 513 2890 periaperminm
544 2804 707 2876 exterius,
734 2799 787 2886 pi.
807 2800 964 2876 interium
995 2799 1071 2874 illud
1094 2809 1321 2874 extenuatum,
1344 2797 1462 2862 hocin
1487 2797 1646 2863 diametro
1668 2800 1854 2870 adauctum.

263 2885 343 2952 dum
364 2909 393 2956 e.
417 2886 577 2975 emm-yn,
607 2885 856 2973 cotyledonibus
878 2885 1084 2984 compositis,
1107 2884 1142 2947 in
1164 2903 1284 2948 cavum
1306 2905 1334 2950 c.
1356 2881 1417 2970 ipsi
1440 2881 1653 2966 destinatum,
1673 2885 1850 2964 descendit,

261 2971 315 3038 cd.
336 2985 496 3061 punctum
520 2995 585 3060 quo
609 2993 697 3064 vasa·
711 2969 935 3035 membranam
954 2968 1292 3058 mternmsulreunt.

376 3088 460 3155 Fre.
481 3094 533 3160 41.
574 3082 788 3151 Vallieneriae
809 3080 935 3168 cpit-alis
959 3081 1000 3144 L.
1019 3079 1147 3146 fructus
1168 3091 1333 3160 maturus,
1362 3079 1584 3165 magnitudine
1606 3081 1745 3150 naturali
1772 3081 1853 3150 deli-

264 3183 385 3238 neatna.
428 3195 481 3240 ca.
502 3171 627 3259 spatha.
668 3192 698 3234 o.
720 3168 860 3232 corollae
882 3166 1057 3232 residuum.
1082 3207 1083 3214 κ

378 3283 461 3350 Pro.
481 3287 534 3354 44.
578 3277 732 3362 Ejusdem
764 3275 892 3342 fructus
920 3299 998 3364 pare
1028 3276 1177 3365 superior
1206 3297 1280 3340 cum
1312 3274 1490 3343 seminibus
1523 3276 1738 3345 nidulantibua
1761 3303 1790 3344 e.
1813 3303 1854 3360 a,

265 3389 327 3456 per
347 3381 533 3456 aperturam
556 3363 752 3432 artificialem
778 3363 974 3450 conspicuis.
1451 3461 1454 3468 ⁴
1940 3372 1943 3378 ·

264 3480 460 3632 umbfl'iffi.
482 3485 536 3554 43.
578 3476 696 3542 Semen
725 3475 889 3564 singulum
913 3473 1138 3566 magnitudine
1166 3484 1309 3541 auctum.
1350 3473 1496 3562 m'apex
1515 3475 1596 3562 ejus.
1633 3473 1852 3564 fifunieulus

374 3615 465 3756 1⁴11ss
479 3635 550 3751 44..
574 3672 735 3761 Εωὶπγο.
747 3675 927 3742 involucris
947 3671 1139 3742 denudatus.
1181 3693 1221 3761 g.
1240 3691 1384 3760 gernma.

339 3869 343 3878 p
373 3789 457 3857 Ftc.
474 3797 529 3864 45.
572 3789 812 3856 Zannichelliae
833 3787 986 3876 vaginulis
1008 3781 1083 3855 Del.
1106 3783 1229 3851 fructus
1250 3783 1475 3872 magnitudine
1489 3796 1615 3854 auctus.
1658 3809 1687 3854 c.
1704 3791 1853 3858 cellnlosa

260 3895 380 3941 nucem
401 3876 588 3946 investiens.
629 3885 676 3939 ct.
697 3877 815 3963 stylus.
857 3897 886 3938 a.
906 3875 1034 3959 stigma.

374 3987 456 4054 Fto.
477 3991 531 4060 46.
575 3988 731 4072 Ejusdem
760 4009 871 4054 semen
899 3983 1024 4051 sublato
1053 3985 1225 4051 involucro
1260 3995 1436 4052 crustaceo.
1499 3985 1724 4052 r.'1·adiculae
1751 3989 1852 4055 locus.

262 4093 296 4138 ι.
317 4073 675 4157 eminentiacarnosa,¹
689 4075 744 4140 ubi
767 4069 1054 4140 adhaesicduerat.
1601 4093 1612 4115 ⁸

374 4183 457 4250 Fre.
478 4188 532 4257 47.
579 4184 731 4273 Embryo
752 4186 930 4253 involucris
953 4195 1082 4247 exntua.
1124 4201 1154 4246 r.
1182 4182 1322 4248 radicula
1354 4207 1384 4248 c.
1408 4181 1582 4272 cotyledon
1604 4181 1852 4247 circumvoluta.

257 4288 293 4354 p.
316 4287 435 4366 corpus
460 4291 621 4350 crassum,
655 4271 731 4338 hinc
751 4273 983 4362 planiosoulam
1004 4267 1073 4356 pt..
1103 4268 1154 4334 cui
1176 4269 1306 4354 quidem
1327 4271 1426 4358 plano
1450 4267 1655 4356 cotyledonis
1675 4270 1752 4354 gyri
1774 4281 1852 4335 sunt

263 4348 422 4439 adplicati.
458 4373 497 4440 g.
518 4377 660 4441 gemma.

371 4463 456 4531 Fto·
476 4469 530 4538 ta.
571 4468 732 4534 Stratiotis
753 4469 863 4535 alcidis
885 4468 926 4534 L.
949 4487 1061 4533 semen
1082 4467 1115 4531 in
1135 4465 1357 4554 magnitudine
1378 4470 1525 4539 naturali.
1576 4485 1606 4532 r·
1628 4464 1709 4534 linea
1731 4465 1853 4532 elet'fllss

268 4548 441 4615 decureum
466 4549 613 4616 indicans
637 4575 801 4620 vasorum.
1063 4591 1066 4596 ·

370 4663 454 4732 Fto.
474 4669 526 4741 49.
570 4665 683 4752 Idem,
705 4667 830 4736 sublata
851 4674 950 4738 testa,
972 4663 1197 4748 observatum,
1222 4662 1256 4730 in
