4830 5996
884 543 1173 626 ...91-

235 736 342 812 Adr.
378 725 605 808 lussiaco
634 732 768 830 dictas)
785 731 1032 829 chartaceos,
1057 736 1176 812 duros
1201 749 1349 828 tamen,
1375 732 1627 812 unlloculares
1651 730 1820 812 bivalres
1889 775 1895 784 ·

233 839 456 938 dispermus.
521 839 673 912 Horum
697 833 930 912 dehiscentia
951 837 1138 932 verticali,
1175 837 1229 912 illi
1255 836 1429 939 capsulae
1460 839 1658 938 opposita,
1694 836 1819 937 quivis

231 935 409 1014 corculus
447 963 527 1011 non
562 937 686 1012 solum
720 937 762 1009 in
787 937 881 1012 duas
905 953 1032 1041 partes
1053 938 1347 1034 finditur,'basi
1370 953 1517 1014 tautum
1540 937 1818 1014 cohaerentiam

231 1053 444 1130 servantes,
460 1038 535 1112 sed
561 1038 686 1111 omnis
697 1039 820 1112 -etiam
847 1039 1090 1118 soeculorum
1113 1068 1233 1116 nexus
1252 1069 1340 1118 cum
1358 1040 1511 1144 capsula
1531 1038 1703 1134 solvitur,
1727 1065 1818 1114 raro

224 1140 331 1236 inter
356 1137 973 1244 Euphorhiaceascxeraplo.
1290 1159 1294 1167 '

333 1453 390 1488 ·,
501 1462 503 1472 ,
633 1479 636 1487 .
810 1343 1103 1484 .·paa
1194 1377 1267 1415 *'
1441 1473 1446 1485 ,

333 1507 350 1572 1
473 1477 1392 1614 „.“‚*u1trr1s.*'

345 1663 601 1742 Micbelius
620 1665 768 1840 primus
791 1661 982 1764 capsulam
1005 1663 1127 1764 pingit
1148 1664 1444 1739 circumscissam
1467 1664 1581 1761 (Nor.
1597 1661 1712 1764 plant.
1733 1689 1816 1764 gen.
1947 1725 1951 1732 .

232 1785 258 1845 t.
279 1786 339 1858 23.
364 1769 432 1843 litt.
450 1772 528 1864 R),
554 1765 619 1846 nul
636 1769 666 1842 is
687 1779 815 1840 tamen
841 1761 966 1840 verbis
991 1769 1087 1838 facta
1111 1763 1190 1862 ejus
1208 1767 1261 1839 rei
1284 1766 1486 1840 mentione.
1539 1764 1595 1841 Cl.
1620 1764 1816 1865 Jacqui·

228 1897 340 1964 nus,
388 1897 466 1972 quo
500 1869 587 1942 loco
622 1866 769 1968 generis
803 1853 1055 1939 characterem
1082 1867 1227 1984 egregie
1254 1868 1408 1968 exponit
1431 1869 1583 1965 (Enum.
1608 1866 1712 1964 stirp
1737 1865 1817 1964 agri

228 1969 453 2049 Vindobon.
469 1977 590 2064 304),
615 1969 686 2070 ipsi
703 1965 836 2041 tribuit
858 1965 1048 2066 capsulam
1075 1967 1391 2042 “horizontaliter
1415 1966 1589 2041 bifariam
1613 1965 1818 2040 dehiscen-

222 2085 351 2168 ⁴tem”;
385 2100 461 2174 quo
484 2071 596 2146 hauc
613 2066 729 2145 dubie
756 2060 949 2168 permotus
974 2069 1219 2142 Linnae‘us
1239 2068 1443 2170 'capsulam
1470 2067 1820 2142 “circumcisam”

230 2172 432 2292 adpellarit
453 2178 564 2276 (Syst.
584 2197 664 2270 reg.
685 2169 742 2244 ed.
756 2153 840 2244 Xll.
854 2167 966 2265 m).
1017 2169 1091 2242 Sed
1121 2168 1175 2243 cl,
1200 2169 1462 2271 Scopoliu's
1487 2183 1618 2268 negat,
1639 2167 1818 2269 'capsulae

228 2275 342 2372 hujus
366 2291 510 2375 partem
538 2274 772 2374 superiorem
799 2269 848 2342 ab
876 2269 1044 2342 inl'eriori
1070 2270 1288 2344 naturaliter
1313 2271 1516 2362 secedere,
1531 2269 1719 2370 siquidem
1736 2269 1819 2370 ipsa

229 2376 382 2478 “calyce
411 2376 588 2450 indurato
623 2385 659 2445 et
689 2371 913 2470 connivente
939 2368 991 2440 ita
1023 2370 1071 2442 sit
1105 2382 1222 2462 tecta,
1258 2384 1300 2444 ut
1323 2397 1410 2444 cum
1436 2397 1482 2443 co
1509 2370 1643 2444 cadere
1670 2367 1817 2462 debeat,

228 2491 430 2576 antequam
458 2471 654 2547 dehiscat'’
683 2467 762 2566 (Fl.
784 2468 951 2544 Carniol.
972 2467 1029 2541 ed.
1045 2471 1093 2543 Il.
1117 2472 1230 2570 925).
1281 2473 1426 2544 Rursus
1443 2469 1499 2544 Ill.
1519 2472 1816 2545 Gaertnerus

227 2575 419 2677 capsulam
448 2572 546 2646 hanc
574 2585 681 2649 vocat
704 2570 999 2644 circumscissam
1023 2567 1068 2670 (l.
1088 2598 1119 2645 c.
1145 2574 1174 2647 1.
1199 2573 1475 2670 219.t.128·)‚
1502 2597 1615 2689 quem
1643 2599 1817 2672 sequun-

226 2691 288 2752 tur
311 2672 642 2766 schkuhrius,
675 2669 983 2762 Candollius‚
1017 2673 1338 2773 Sprengelius
1364 2685 1401 2746 rt
1426 2671 1596 2774 plerique
1622 2673 1814 2747 recentio-

227 2803 324 2852 rum.
389 2779 441 2852 At
462 2776 493 2848 si
516 2773 608 2874 quid
635 2772 825 2867 videmus,
843 2769 1034 2872 ‘capsulae
1064 2773 1372 2849 membranaceae
1394 2773 1647 2850 maturitatem
1675 2797 1817 2848 conse-

227 2892 336 2954 cutae
359 2904 447 2979 pars
471 2875 666 2976 superior,
689 2875 738 2948 ad
765 2874 931 2948 medium
958 2874 1036 2947 fere
1061 2901 1204 2975 usque,
1226 2877 1298 2950 nisi
1325 2875 1506 2968 crassior,
1532 2871 1662 2950 saltem
1682 2875 1814 2950 durior

222 2993 264 3054 et
294 2982 419 3054 miuus
453 2991 695 3077 transparens
726 2989 781 3051 est
805 2974 995 3049 inferiori:
1030 2987 1190 3076 utraque
1222 2991 1347 3051 tamen
1374 2975 1582 3056 substantia
1606 3003 1685 3052 non
1712 2974 1813 3050 linea

222 3077 464 3158 transversali
497 3091 713 3178 separatur,
750 3073 817 3150 se'd
851 3075 967 3151 altera
1006 3075 1047 3150 in
1079 3075 1233 3152 alteram
1267 3078 1411 3154 transit
1482 3072 1582 3153 Hinc
1618 3077 1814 3152 deficiente

223 3195 376 3256 suturae
408 3179 534 3254 omnis
569 3179 710 3252 indicio
744 3178 932 3276 separatio
966 3203 1046 3252 uon
1082 3192 1205 3278 potest
1228 3177 1356 3254 locum
1381 3177 1555 3254 obtinere
1578 3191 1811 3280 spontanea:

223 3281 257 3356 si
288 3295 412 3356 autern
447 3305 536 3353 casu
567 3278 654 3372 fiat,
687 3292 844 3379 uterque
877 3304 1010 3378 margo
1042 3305 1123 3354 non
1145 3281 1289 3379 integer
1322 3293 1399 3371 est,
1433 3279 1499 3354 sed
1526 3277 1612 3381 plus
1638 3280 1810 3354 minusve

222 3381 428 3476 laceratus,
463 3378 612 3481 qualem
637 3406 692 3454 ex.
718 3405 773 3478 gr.
800 3405 1017 3454 muscarum
1044 3380 1315 3456 lrondosorum
1342 3380 1510 3483 calyptra
1540 3395 1628 3480 post
1652 3375 1810 3482 separa-

222 3485 368 3557 tionem
399 3509 422 3556 a
449 3478 624 3581 vaginula
657 3478 833 3556 exhibere
862 3479 966 3555 solet.
1025 3483 1124 3556 Hinc
1162 3481 1316 3582 capsula
1347 3490 1461 3556 “non
1482 3481 1723 3578 dehiscew,
1766 3508 1810 3560 ex

223 3599 356 3661 nostra
378 3583 530 3686 quidem
559 3581 763 3678 sententia,
793 3607 880 3656 cum
907 3581 1148 3684 Scopulio
1174 3583 1346 3663 vocanda
1371 3597 1437 3660 est.

934 3805 1096 3920 aaa

836 3943 1207 4031 enuwra

336 4097 538 4176 Clraracter
568 4105 733 4194 fructus,
769 4097 890 4201 qualis
924 4102 963 4174 in
994 4097 1174 4201 operibus
1206 4099 1260 4178 Cl.
1281 4093 1463 4180 Virorum
1491 4101 1741 4181 Candollii
1766 4132 1811 4182 ac

220 4200 506 4301 Sprengelii
530 4217 668 4296 exstat,
701 4202 1041 4277 Micrococoes
1068 4203 1219 4278 Burm.
1245 4206 1387 4306 species
1414 4205 1599 4302 exdudit,
1632 4206 1809 4308 idemque

219 4303 426 4378 secundum
454 4301 653 4378 observata
684 4303 942 4378 Gaertneri
968 4302 1013 4398 (l.
1032 4331 1062 4377 c.
1090 4303 1137 4379 ll.
1166 4322 1250 4392 113.
1279 4320 1303 4380 t.
1325 4309 1431 4407 106.)
1466 4308 1517 4384 ita
1549 4309 1810 4385 immutandus

180 4449 189 4466 ·
218 4401 307 4476 erit:
358 4405 493 4506 Drupa
527 4405 645 4497 sicca,
683 4403 878 4478 includens
903 4431 1017 4478 nuces
1048 4402 1106 4482 rel
1132 4409 1284 4482 unicam
1304 4408 1363 4486 rel
1390 4425 1555 4512 quatuor
1578 4436 1809 4510 monosper-

218 4528 326 4596 mas,
365 4503 423 4579 vel
455 4507 623 4605 geminas
656 4503 880 4581 biloculares
913 4507 1130 4608 ‹lispermas
1201 4510 1300 4584 Huic
1335 4526 1460 4586 autem
1495 4513 1527 4587 si
1563 4511 1809 4586 Microcos

216 4595 314 4678 bene
348 4604 536 4706 jungitur,
579 4607 809 4708 oportuisset
834 4615 960 4682 tamen
998 4634 1139 4682 nomen
1177 4612 1485 4687 “Micrococos”
1519 4611 1564 4714 (i.
1589 4637 1620 4686 e.
1648 4638 1807 4711 parrum

218 4706 377 4783 Cocus
403 4707 526 4812 Belgis
550 4706 862 4810 Ceylaneusibus)
887 4711 1099 4811 restituere,
1121 4711 1313 4814 siquidem·
1333 4711 1542 4818 sphalmate
1562 4713 1603 4790 in
1626 4713 1808 4788 Micro·
