4786 5996
1247 567 1304 584 ...
1362 523 1535 608 60...

1355 718 1460 793 ,5.
1547 763 1553 770 ·

1060 909 1065 920 ·
1182 717 1665 948 NYthHAEA.

717 1048 866 1138 Clariss.
906 1045 1206 1120 Gaertnerus
1248 1069 1335 1118 cum
1370 1041 1678 1148 Nymphaeae
1715 1043 1844 1148 generi
1883 1049 2080 1146 perperam
2116 1043 2188 1120 tri·

598 1177 741 1254 buissct
767 1175 1013 1282 embryonem
1040 1187 1141 1248 extra
1168 1170 1345 1247 albumen
1371 1171 1558 1274 positum,
1584 1157 1638 1248 Cl.
1663 1171 1817 1246 ViriL.
1846 1171 1888 1246 C.
1906 1161 2187 1248 bichardus

599 1307 679 1406 (Du
704 1305 803 1380 fruit.
821 1300 901 1404 68.)
929 1318 963 1378 et
991 1297 1248 1377 Mirbelius
1283 1303 1434 1396 (Exam.
1460 1299 1507 1373 de
1533 1297 1571 1376 la
1596 1299 1702 1375 divis.
1724 1292 1760 1373 d.
1785 1303 1902 1400 ve'gct.
1929 1327 1977 1374 en
2001 1273 2189 1374 eudochi-

599 1461 661 1509 zes
695 1448 731 1508 et
766 1432 977 1528 exorhiaes,
1022 1429 1122 1506 Ann.
1159 1429 1212 1502 ‹lu
1248 1431 1347 1504 Mus.
1371 1430 1473 1503 XVI.
1499 1438 1586 1516 453.
1622 1439 1648 1501 t.
1668 1427 1750 1526 XX.
1784 1427 1867 1525 (V.)
1899 1429 1923 1502 f.
1949 1426 2029 1520 ult.)
2056 1439 2190 1503 contra

600 1563 866 1656 ostenderunt,
893 1567 1041 1662 partem
1075 1585 1097 1632 a
1125 1559 1396 1642 Gaertnero
1423 1582 1494 1657 pro
1522 1551 1729 1658 embryone
1759 1553 1928 1631 habitam
1954 1547 2079 1658 reipsa
2103 1581 2192 1630 sac·

600 1717 687 1766 curn
721 1717 800 1766 esse
837 1687 897 1767 vel
938 1685 1178 1765 involucrum
1214 1713 1414 1761 carnosum
1454 1683 1502 1757 ad
1545 1684 1781 1784 perispermii
1811 1684 2047 1785 (albuminis)
2080 1681 2190 1760 basin

599 1819 787 1918 positum,
814 1820 874 1894 cui
892 1811 1050 1918 embryo
1076 1815 1123 1889 sit
1150 1811 1328 1908 inclusus,
1356 1825 1392 1887 et
1408 1810 1464 1887 Cl.
1482 1812 1550 1888 Vir
1565 1812 1684 1914 priori
1705 1811 1792 1889 loco
1813 1815 2031 1890 nominatus
2048 1813 2192 1890 huncce

600 1969 752 2021 saccum
791 1945 842 2020 ait
875 1973 987 2048 posse
1026 1931 1217 2020 nominari
1256 1939 1424 2020 vitellum
1459 1941 1500 2014 iu
1536 1967 1649 2015 sensu
1683 1967 1752 2036 eo,
1787 1969 1864 2044 quo
1892 1945 2191 2018 Gaertnerus

600 2071 676 2148 hoc
704 2070 892 2172 vocabulo
918 2063 1009 2149 usus
1036 2089 1091 2150 est
1116 2069 1160 2172 (l.
1178 2101 1209 2147 c.
1231 2078 1319 2168 77.).
1369 2067 1613 2144 Robertus
1639 2069 1810 2145 Brown
1834 2095 1921 2145 cum
1947 2070 2192 2154 animadver-

601 2205 719 2298 tisset,
745 2204 995 2306 perispermio
1016 2203 1168 2296 seminis
1193 2196 1409 2301 generando
1436 2221 1539 2270 nunc
1564 2179 1761 2292 nucleum,
1786 2225 1890 2274 nunc
1911 2199 2192 2302 colliquameuti

604 2319 807 2410 vesiculam
833 2333 996 2433 (amnios
1018 2331 1149 2434 Malp.)
1182 2329 1383 2423 inservire,
1424 2324 1587 2400 admittit
1610 2339 1654 2399 ut
1679 2325 1868 2402 rarissima
1894 2329 2005 2404 simul
2031 2329 2132 2406 aucti
2158 2343 2194 2403 et

605 2461 655 2538 ad
693 2461 947 2536 maturitatem
985 2485 1104 2562 usque
1144 2457 1375 2561 persistentis
1408 2457 1605 2558 utriusque
1642 2456 1830 2532 involucri
1863 2458 2033 2562 exempla
2070 2459 2194 2535 Scita-

606 2589 750 2664 mineas
776 2589 982 2734 genuinas·
987 2602 1023 2663 et
1048 2585 1331 2691 Nymphaeum·
1371 2583 1460 2659 hinc
1483 2612 1613 2660 saccus
1639 2583 1721 2680 ille,
1756 2585 1906 2689 dequo
1934 2589 2051 2666 modo
2079 2587 2194 2667 verba

606 2718 783 2842 fecimus,
821 2705 866 2791 eri
900 2705 983 2816 ejus
1010 2719 1193 2794 sententia
1226 2731 1282 2792 est
1308 2715 1476 2809 ammos,
1515 2741 1613 2816 quae
1647 2716 1787 2790 minori
1815 2717 2007 2817 quidem
1995 2746 2035 2793 ιιι
2061 2719 2193 2820 gradu,

607 2873 723 2976 quam
748 2835 922 2942 nucleus,
955 2845 1114 2920 adaucta
1140 2860 1205 2921 est.
1265 2847 1315 2920 Et
1340 2870 1429 2920 sane
1456 2844 1608 2921 evidens
1634 2845 1739 2922 adest
1769 2847 2012 2922 similitudo
2000 2875 2041 2922 ιιι
2063 2848 2194 2942 modo,

606 3003 685 3082 quo
722 2991 924 3079 utrumque
959 2973 1198 3050 involucrum
1235 2974 1361 3076 primo
1398 2973 1555 3076 adparet
1588 2988 1624 3048 et
1645 2990 1787 3075 postea
1821 2977 2049 3052 incrementa
2084 2976 2195 3078 capit,

606 3110 716 3184 'sicuti
757 3109 895 3184 docent
939 3103 1222 3182 observationes
1262 3102 1407 3205 aliquot
1441 3117 1614 3197 nostrae,
1657 3130 1751 3206 quas
1796 3131 1886 3180 mox
1923 3131 2193 3208 proponemus

557 3329 559 3338 Ι
607 3231 767 3308 Exstant
792 3231 946 3334 quidem
978 3234 1074 3307 inter
1106 3229 1379 3334 pulcherrimas
1410 3232 1793 3334 Cl.·Brongiartii
1826 3233 1955 3310 icones
1985 3261 2065 3308 ιιοιι
2091 3262 2194 3336 pau·

608 3383 695 3455 cae,
719 3349 810 3460 buic
826 3351 991 3460 'naturae
1017 3359 1123 3460 operi
1148 3360 1188 3432 in
1213 3357 1490 3462 Nymphaea
1520 3359 1743 3436 illustrando
1770 3361 1973 3436 destinatae
2000 3361 2139 3458 (Mem.
2165 3390 2195 3439 s.

606 3485 632 3562 l.
658 3488 878 3589 generation
908 3499 944 3562 et
973 3485 1011 3560 le
1031 3483 1227 3587 de'velopp.
1250 3487 1297 3560 de
1320 3484 1556 3594 l’embryon3
1595 3504 1685 3566 extr.
1717 3490 1770 3564 du
1793 3493 1837 3566 T.
1858 3493 1944 3568 Xll.
1970 3489 2007 3565 d.
2032 3493 2130 3567 Anu.
2157 3491 2195 3568 d.

608 3617 667 3692 Sc.
690 3632 811 3692 natur.
833 3603 858 3691 t.
874 3631 934 3711 39.
961 3620 987 3690 f.
1014 3615 1184 3710 Η-Οι),
1223 3612 1362 3717 quibus
1388 3615 1557 3717 singulae
1588 3619 1651 3696 ovi
1685 3613 1810 3720 partes
1844 3618 1916 3693 sub
1950 3619 2087 3720 majori
2121 3647 2195 3697 au-

607 3760 775 3842 gmento,
802 3771 917 3847 quarn
943 3770 1021 3848 quo
1048 3742 1160 3818 nobis
1184 3745 1239 3850 uti
1266 3743 1391 3840 licuit,
1414 3743 1653 3822 exhibentur:
1681 3747 1810 3824 sedin
1836 3746 2108 3850 phaenomenis
2129 3777 2197 3827 ex-

610 3870 795 3972 plicandis
820 3881 1006 3950 cum'non
1029 3871 1170 3974 ubique
1192 3901 1278 3949 curn
1306 3875 1361 3951 Cl.
1380 3885 1533 3950 auctore
1555 3875 1780 3971 sentiamus,
1806 3875 1914 3955 liceat
1938 3894 2069 3956 nostra
2092 3903 2196 3984 qup-

611 4025 684 4102 que
707 3999 925 4100 observata,
949 4003 1124 4081 iconibus
1147 3999 1352 4096 illustrata,
1376 4001 1554 4084 brevibus
1581 4032 1779 4109 exponere.

723 4186 804 4264 Sub
841 4189 956 4264 finem
983 4191 1101 4286 Junii
1123 4189 1418 4291 examinavimus
1443 4189 1748 4294 Nymphaeus
1788 4192 1929 4270 albae
1964 4223 2008 4272 ac
2039 4194 2198 4274 luteae

612 4316 724 4396 ovula
754 4319 971 4423 indiverso
1002 4316 1375 4424 evolutionislgradu
1402 4320 1604 4394 constituta
1638 4333 1673 4425 et
1705 4323 1897 4423 sequentia
1923 4325 2197 4405 adnotavimus.

600 4425 707 4545 ¹(jum
733 4462 857 4550 partes
881 4449 988 4523 floris
1015 4449 1260 4549 expansione,
1294 4461 1447 4549 turgore
1473 4460 1586 4549 atque
1613 4447 1741 4524 colore
1770 4450 1895 4528 adhuc
1924 4453 2079 4556 integris
2100 4479 2197 4556 gau-

612 4575 723 4670 dent,
757 4603 881 4679 neque
906 4575 1076 4676 jamdum
1105 4576 1302 4679 conceptio
1329 4577 1475 4654 videtur
1502 4573 1628 4652 locum
1652 4575 1847 4675 babuisse,
1881 4579 2037 4659 ovulum
2062 4583 2196 4684 singu·

612 4705 713 4804 lum,
750 4707 856 4809 quod
888 4722 979 4783 tunc
1005 4733 1025 4782 e
1053 4704 1164 4784 viridi
1194 4708 1379 4806 flavescit,
1418 4720 1455 4781 et
1486 4704 1591 4805 cujus
1624 4709 1845 4811 magnitudo
1879 4710 1982 4787 illam
2015 4713 2199 4788 seminum
