4786 5996
1245 546 1533 626 ..1ss-

600 711 679 817 ise.
711 741 973 840 sesquipedem
1014 737 1214 840 superarit.
1268 736 1589 837 Sprengelius
1628 735 1687 832 (R.
1711 735 1747 810 S.
1773 738 1868 838 Syst.
1892 759 1972 834 reg.
1997 736 2184 830 ΠΜ.)

601 871 728 973 paleas
760 866 975 942 latiusculas
1010 882 1139 960 vocat,
1182 864 1342 966 quaein
1371 863 1506 965 plantis
1541 867 1679 940 nostris
1706 891 1854 966 semper
1880 867 1983 937 suere
2010 877 2189 964 angustae

602 997 886 1098 tricuspidatae‚
929 994 1058 1097 quales
1094 995 1206 1068 etiam
1238 995 1359 1095 pingit
1392 1017 1436 1064 ac
1469 989 1647 1066 describit
1684 991 1739 1067 Cl.
1775 992 2005 1066 Larocbe.
2066 991 2188 1084 Radix

600 1126 768 1216 biennis,
815 1124 910 1198 sicut
944 1124 982 1196 in
1018 1124 1061 1197 E.
1095 1118 1381 1196 dichotomo
1422 1134 1458 1194 et
1496 1119 1775 1220 Aquisolio,
1811 1146 1907 1220 quae
1941 1117 2118 1194 tuberosa
2150 1119 2188 1192 in

603 1259 645 1329 E.
671 1253 834 1353 alpino
862 1266 897 1325 ct
922 1250 1173 1352 Brurgati,
1210 1276 1344 1352 repens
1371 1250 1410 1324 in
1435 1250 1477 1322 E.
1503 1249 1765 1348 campestri
1791 1263 1827 1322 et
1851 1247 2109 1322 maritimo.

716 1513 986 1615 Eryngium
1036 1509 1343 1611 Aquifolium
1384 1512 1490 1585 Car.
1537 1509 1768 1584 Deliniatur:
1829 1511 1871 1582 E.
1904 1507 1971 1582 sol.
2013 1507 2189 1608 oblongis

605 1643 954 1722 sinuato-dentatis
992 1641 1174 1743 spinosis,
1213 1636 1441 1712 radicalibus
1486 1635 1693 1737 petiolatis,
1738 1636 1895 1712 caulinis
1934 1636 2193 1738 amplexicau-

605 1773 728 1864 libus,
774 1769 973 1846 involucro
1009 1768 1214 1869 capitulum
1249 1765 1514 1867 subaequante.
1540 1805 1591 1822 -·-
1644 1763 1770 1839 Caulis
1805 1765 1987 1866 simplicis
2021 1769 2194 1868 superior

604 1919 747 1978 tantum
787 1928 875 2001 pars
910 1894 1135 1971 caerulesrit.
1189 1895 1380 1972 Involucri
1410 1891 1540 1966 foliola
1573 1893 1735 1992 integra,
1771 1892 1869 1969 foliis
1896 1896 2050 1992 similia,
2091 1912 2194 1972 exte·

606 2033 707 2105 riora
736 2028 897 2130 capitulo
933 2028 1126 2127 longiora,
1170 2025 1347 2099 interiora
1377 2021 1473 2098 illius
1507 2017 1741 2124 longitirdine
1766 2023 1899 2098 Paleae
1930 2027 2194 2128 tricuspidatae

604 2157 771 2234 flosculis
798 2154 999 2256 longiores.

721 2416 985 2518 Eryngium
1027 2409 1260 2512 pusillum
1296 2416 1340 2486 L.
1392 2413 1491 2486 Huic
1525 2411 1690 2486 radicem
1718 2440 1881 2488 annuam
1914 2412 2132 2516 caulemque
2156 2417 2194 2490 in

607 2545 834 2649 quibusdam
873 2538 1112 2618 varietatibus
1150 2538 1388 2616 suberectum
1425 2544 1555 2618 tribuit
1580 2543 1635 2619 Cl.
1675 2541 1894 2618 Larocbc
1923 2535 2191 2646 (Er-yng.215.).

604 2681 686 2751 Nos
719 2675 756 2748 in
787 2670 935 2773 planta,
963 2697 1030 2772 per
1060 2671 1191 2745 seriem
1220 2699 1409 2748 annorum
1442 2700 1463 2747 a
1489 2671 1599 2747 nobis
1622 2671 1745 2764 culta,
1769 2685 1984 2746 constanter
2009 2669 2195 2747 observa·-

606 2808 730 2880 rimus
762 2801 927 2875 radicem
964 2826 1189 2901 perennem,
1232 2802 1479 2906 aliquomodo
1517 2803 1774 2880 stoloniseram
1807 2813 1843 2872 et
1868 2799 2011 2876 caulem
2039 2801 2194 2875 decum-

509 3019 512 3026 ,
608 2919 784 3024 bentem,
818 2927 967 3029 qualem
995 2931 1118 3030 ipsum
1146 2931 1220 3028 jam
1250 2947 1360 3010 vocat
1386 2931 1784 3008 Tournefortius.

1333 3258 1370 3361 ς.
1426 3257 1466 3330 s.

987 3409 1197 3514 escort,
1238 3414 1833 3506 rn1n1s,s1sou,nnn1.
1930 3361 1934 3371 ’

728 3600 930 3674 Cicutae
955 3594 1230 3670 maculatae
1251 3600 1294 3670 L.
1318 3612 1359 3670 ut
1379 3626 1620 3704 synonymon
1643 3595 1905 3700 subjungenda
1921 3614 1973 3673 est
2001 3600 2197 3701 Angeli-

611 3753 661 3799 ca
695 3724 862 3798 lobata
896 3724 1042 3800 walt.
1077 3722 1155 3818 (Fl.
1186 3721 1306 3798 Carol.
1335 3741 1418 3810 115.
1447 3727 1569 3801 Grnel.
1597 3729 1692 3830 Syst.
1720 3730 1810 3828 Veg.
1837 3730 1866 3801 I.
1891 3743 1975 3815 482.
2003 3732 2133 3805 Roern.
2161 3746 2196 3805 et

609 3855 698 3930 sch.
727 3857 823 3958 Syst.
852 3857 942 3956 Veg.
965 3858 1029 3928 Vl.
1058 3857 1180 3951 608),
1210 3854 1240 3925 si
1267 3854 1461 3953 specimini
1488 3856 1580 3930 tides
1607 3855 1801 3950 habenda,
1830 3863 1932 3959 quod
1957 3858 1993 3932 in
2022 3859 2193 3934 Amerira

609 3982 892 4084 septentrionali
920 4013 940 4058 a
966 3981 1019 4058 Cl.
1049 3982 1230 4058 Boscio
1254 3954 1419 4076 lectum}
1443 3985 1591 4059 Parisils
1616 3987 1657 4058 in
1684 3984 1795 4060 horto
1824 3988 1923 4061 sicco
1950 3983 1987 4059 b.
2024 3989 2196 4062 Vente-

608 4115 730 4188 natii
763 4113 1067 4188 examinavimus.

724 4372 896 4446 Cicuta
936 4369 1191 4445 bulbisera
1233 4373 1276 4443 L.
1305 4395 1390 4444 rara
1425 4385 1479 4444 est
1503 4385 1537 4444 et
1561 4373 1650 4472 ipsis
1680 4375 1873 4448 Anrericae
1911 4373 2195 4449 conloederatae

608 4497 795 4574 butanicis
822 4525 956 4600 parum
985 4512 1072 4572 nota
1105 4501 1255 4600 species.
1309 4502 1575 4593 brevissimae,
1613 4529 1726 4602 quarn
1762 4501 2033 4578 Nuttallius
2072 4504 2193 4598 (Gen.

608 4627 657 4727 pl.
685 4631 812 4705 Amer.
839 4632 867 4703 l.
898 4629 997 4724 192.)
1025 4629 1147 4722 dedit,
1185 4633 1427 4736 descriptioni
1452 4634 1635 4734 quaedam
1659 4631 1763 4706 lubet
1791 4631 1947 4724 addere,
1980 4657 2075 4733 quae
2103 4657 2198 4731 sug-

609 4755 704 4856 gerit
737 4759 926 4858 specimen
953 4759 1160 4861 optimum,
1200 4762 1304 4864 quod
1341 4760 1551 4838 liberalitati
1582 4757 1730 4837 Clariss.
1756 4763 1970 4840 lloolreri
2007 4761 2196 4837 debemus.
