4786 5996
1217 504 1524 610 *dd-22.

530 781 539 798 ,
575 703 707 808 quoad,
730 697 1029 800 magnitudinem
1055 697 1314 802 formamque,
1336 699 1651 802 aequiparandus,
1677 713 1802 778 rostro
1824 713 1995 801 quartam
2023 701 2170 778 circiter

575 838 656 936 ejus
683 848 827 938 partem
854 828 1045 903 efficiente.
1105 823 1175 900 Est
1199 854 1366 928 porroa
1398 829 1511 904 latere
1535 855 1669 930 parum
1696 855 1956 930 compressus,
1991 857 2172 932 esupen-

573 970 666 1073 secie
684 939 784 1068 pilos
811 983 984 1036 exserens
1012 979 1186 1056 sparsos,
1221 957 1288 1058 qui
1314 958 1517 1032 immaturo
1552 958 1827 1058 frequentiores
1851 971 1940 1031 sunt
1972 973 2009 1031 et
2043 956 2173 1034 silium

575 1095 706 1176 elbum
740 1091 925 1182 efficiunt,
949 1088 1124 1189 idemque
1147 1081 1222 1184 sub
1255 1088 1472 1164 maturitate
1495 1086 1642 1162 fuscum
1669 1083 1836 1162 colorem
1864 1085 1996 1160 induit.
2048 1090 2177 1165 Semi·-

578 1227 637 1309 nis
677 1221 842 1322 cujusvis
878 1219 992 1294 iacies
1029 1215 1326 1294 commissuraiis
1360 1225 1417 1292 est
1454 1212 1777 1316 longitudinaiiter
1813 1212 1977 1312 sulcata,
2017 1219 2176 1298 doreti·

579 1369 705 1432 autem
730 1367 805 1425 tres
825 1347 943 1424 habet
968 1345 1127 1447 ungulos
1154 1344 1431 1450 obtusissimus.
1497 1327 1688 1440 Albirmen
1714 1343 1815 1438 intus
1847 1347 2059 1436 secundum
2086 1347 2178 1426 lon-

580 1479 786 1584 gitudinem
814 1476 919 1550 sulco
947 1489 1174 1550 excavatum.
1232 1472 1392 1556 Canales
1427 1469 1570 1550 oleiseri
1601 1474 1641 1548 in
1676 1471 1835 1576 singulis
1862 1476 2051 1555 valleculis
2086 1479 2176 1574 dun,

580 1610 737 1684 totidem
764 1605 801 1678 in
827 1605 1074 1680 commissura
1101 1604 1315 1678 decurrunt.

702 1868 930 1948 Cnidium
963 1869 1094 1944 Cuss.
1130 1867 1289 1940 omniun
1310 1861 1435 1968 petala
1462 1877 1499 1940 et
1516 1863 1687 1958 ,fructum
1716 1864 2126 1971 ·habet,Ligustici,
2158 1903 2180 1950 a

587 2029 666 2106 quo
692 1997 846 2099 quidem
881 2023 1017 2096 genere
1046 1997 1108 2074 rix
1143 1998 1368 2073 sufficienter
1403 1994 1644 2093 distinguitur
1677 1993 1815 2099 calycis
1840 1997 1988 2075 defectu
2021 2017 2057 2076 et
2080 2004 2181 2081 vittis

588 2137 733 2208 tructus
756 2120 943 2199 solitariis.
997 2128 1084 2220 Qun
1110 2143 1236 2203 tamen
1261 2124 1425 2204 Silaus
1450 2127 1575 2211 Bess.
1603 2135 1651 2200 ut
1676 2121 1894 2210 distinctum
1919 2142 2087 2207 serretur
2111 2157 2181 2232 ge-

588 2286 680 2351 nus,
708 2267 820 2330 notae
846 2251 998 2330 stabiles
1024 2255 1147 2330 nullae
1178 2268 1413 2332 succurrunt.
1592 2273 1597 2280 '
1705 2273 1709 2280 “

707 2516 934 2595 Cnidium
960 2517 1122 2596 Silaus
1159 2522 1232 2622 Sp.
1268 2521 1362 2596 duas
1389 2519 1470 2596 abit
1494 2521 1535 2596 in
1562 2521 1857 2620 formas„‘quae
1891 2520 1945 2596 cl.
1983 2523 2183 2600 Bersera

590 2649 750 2728 totidem
783 2647 980 2751 speciebus
1014 2652 1224 2730 condendis
1267 2676 1399 2727 ansam
1438 2648 1587 2727 dedere.
1655 2653 1753 2726 Sunt
1787 2667 1911 2726 autern
1944 2681 1983 2732 a.
2019 2647 2185 2748 major,

594 2806 692 2883 quae
729 2763 890 2856 silaus
914 2782 1160 2880 pratensis
1187 2781 1310 2854 Bess.
1348 2792 1385 2851 et
1419 2777 1462 2873 β.
1488 2779 1664 2871 minor,
1705 2805 1802 2880 quae
1839 2776 1921 2855 Sil.
1958 2777 2189 2880 alpestris

594 2907 756 3006 Ejusd.
785 2919 821 2979 et
846 2904 926 2980 sit.
945 2907 1146 2982 Besseri
1175 2906 1315 2982 Caud.
1344 2907 1494 3002 (Prodr.
1522 2911 1587 2984 lv.
1616 2913 1729 3005 161.).
1781 2910 1895 2984 Varia
1922 2895 2022 2984 euim
2048 2907 2190 2986 utrius-

592 3064 667 3140 que
692 3034 920 3138 specimina,
952 3061 973 3108 a
1007 3035 1062 3110 Cl.
1099 3037 1192 3110 Viro
1231 3039 1367 3132 missa,
1403 3039 1441 3112 in
1468 3039 1676 3113 amicorum
1706 3021 2006 3143 phytophyleciis
2031 3069 2051 3114 a
2077 3041 2189 3118 nobis

593 3165 825 3256 examinata,
864 3160 1006 3236 nulium
1046 3165 1119 3238 uisi
1149 3166 1419 3265 magnitudinis
1450 3180 1486 3240 et
1519 3165 1740 3242 soliolorum
1767 3165 1973 3243 latitudinis
2007 3167 2193 3244 differen-¹

564 3359 566 3366 s
592 3296 683 3370 tiam
711 3293 877 3393 aliquam
902 3290 1014 3366 nobis
1043 3291 1312 3384 exhibuerunt3
1339 3294 1456 3370 immo
1482 3294 1610 3370 Cnid
1638 3291 1760 3370 Silai
1781 3296 1835 3370 Μ.
1862 3298 1905 3371 Β.
1930 3297 2054 3398 (quod
2080 3301 2190 3374 Bes·

580 3449 702 3530 'sero
728 3418 892 3496 silaus
918 3417 1165 3521 alpestris)
1192 3426 1420 3522 specimina,
1458 3423 1624 3498 Odessae
1664 3421 1778 3517 lecta,
1814 3450 1912 3524 quae
1942 3425 2194 3526 possidemus,

593 3577 643 3626 ne
667 3549 766 3624 hanc
803 3547 957 3649 quidem
998 3545 1270 3643 differentiam,
1310 3577 1395 3626 cum
1432 3551 1565 3627 Cnid.
1601 3550 1737 3628 Silao
1777 3554 2004 3627 Germanice
2032 3579 2193 3654 compa-

525 3749 529 3756 .
594 3699 700 3772 rata,
727 3689 1037 3752 commonstrant.
1091 3677 1288 3777 Quidquid
1321 3692 1397 3773 est,
1435 3679 1568 3780 nequit
1604 3693 1729 3754 tamen
1764 3679 1927 3755 Silaus
1960 3679 2191 3782 alpestris

594 3838 675 3890 esse
700 3805 1030 3884 Peucedanum
1058 3801 1269 3905 alpestre
1296 3806 1452 3898 Lino„
1478 3804 1585 3902 cujus
1621 3805 1881 3908 imperfectum
1902 3809 2091 3910 specimen
2117 3811 2195 3886 sic-

596 3955 721 4018 catum
761 3935 1004 4010 Linnneus
1045 3957 1136 4032 prae
1158 3930 1276 4043 oculis
1312 3933 1366 4007 ait
1406 3960 1445 4008 se
1475 3931 1673 4029 habuisse,
1718 3963 1817 4010 cnm·
1838 3934 1938 4012 hanc
1967 3940 2130 4040 speciem
2152 3941 2194 4014 iu

596 4071 722 4145 Horto
748 4059 986 4140 Cliffortiano
1011 4059 1200 4134 conderet.
1254 4059 1397 4134 Eadem
1436 4074 1563 4136 tamen
1590 4089 1612 4136 a
1639 4061 1920 4140 Boerhario
1949 4063 2048 4141 inter
2082 4059 2195 4168 pian-

596 4215 654 4277 tas
689 4196 792 4274 horti
834 4186 1101 4290 Lugdunensis
1152 4203 1366 4263 recensetur
1412 4190 1516 4289 (lod.
1564 4191 1649 4291 alt.)
1692 4191 1831 4293 ibique
1879 4191 1928 4266 ad
1970 4181 2193 4272 Ferulam

595 4329 777 4418 resertur';
819 4319 879 4394 cui
913 4314 1067 4417 quidem
1102 4318 1229 4414 generi
1267 4317 1407 4391 semina
1436 4319 1652 4397 tribuuntur
1688 4322 1934 4425 “perampla,
1971 4325 2101 4414 oreta,
2136 4323 2232 4396 (μ’

596 4456 738 4548 nuia”,
771 4473 862 4548 ergo
901 4441 1014 4546 longe
1044 4440 1172 4542 ‘aliena
1197 4441 1260 4524 ,ab
1300 4443 1393 4540 ittis‘,
1441 4475 1537 4548 quae
1572 4450 1613 4524 iu
1661 4449 2032 4556 Silae-alpestri
2071 4439 2193 4538 Bess'.

599 4583 857 4662 observamus.
