4830 5996
1366 431 1370 438 ν

1251 585 1306 603 -
1380 546 1408 623 2
1481 587 1537 602 -

598 735 770 842 plurimis
812 735 893 816 aliis
930 735 1212 833 Umbelliferis,
1260 765 1354 840 quas
1397 737 1648 840 germinantes
1685 738 1973 839 conspeximus,
2022 735 2179 814 similem

599 884 822 946 structuram
846 867 1048 946 observare
1072 867 1184 944 nobis
1210 867 1376 970 contigit.

714 1127 999 1230 vegetationem
1024 1127 1357 1206 Umbelliserarum
1393 1129 1495 1232 quod
1524 1133 1675 1226 attinet,
1713 1130 1795 1230 ipsa
1831 1125 2001 1228 procedit
2032 1123 2070 1198 in
2097 1148 2187 1224 spe-

600 1253 729 1331 ciebus
751 1257 1039 1334 frutescantibus
1063 1261 1137 1353 ita,
1178 1273 1219 1332 nt
1243 1257 1425 1332 fibrarum
1456 1257 1642 1352 fasciculi,
1680 1256 1818 1359 quibus
1849 1255 1964 1330 caulis
1987 1252 2187 1354 compagi-

600 1399 730 1481 natur,
765 1387 804 1462 in
833 1388 1014 1464 annulum
1042 1389 1252 1490 lignosum,
1289 1401 1331 1461 ut
1356 1385 1728 1490 dicotyledonearum
1756 1409 1839 1458 mos
1861 1395 1949 1491 est,
1987 1383 2061 1456 cito
2091 1407 2187 1454 con-

596 1516 743 1606 fidant,
759 1523 820 1602 {et
842 1513 964 1592 ita⁸se
997 1516 1178 1597 trabe-tt.
1206 1540 1247 1596 c.·
1271 1519 1310 1604 ita
1331 1516 1533 1620 'bupleuro
1567 1513 1781 1606 fruticoso,
1803 1509 1945 1588 'S'eliuo'
1962 1511 2187 1612 gummifero

601 1640 770 1744 aliisque.
804 1643 934 1727 Attum
959 1659 1096 1722 tamen,
1111 1649 1305 1744 cresoendi
1330 1648 1486 1722 modum
1509 1659 1641 1748 patrare
1663 1659 1788 1722 servat
1803 1645 1852 1734 ¹in
1879 1639 2075 1746 speciebus
2101 1637 2189 1714 ber-

600 1766 745 1844 baceis:
779 1798 868 1848 nam
896 1773 935 1846 in
958 1773 1114 1849 Ferulae
1143 1777 1354 1850 communis
1379 1773 1547 1850 caulibus
1574 1775 1727 1866 annuis,
1759 1785 1937 1846 monente
1964 1769 2040 1845 Cel.
2068 1773 2191 1848 Can-

601 1893 755 1972 dollio
790 1902 1015 2003 (Organogr.
1047 1907 1213 2002 vegetl.
1245 1911 1380 1989 ssiat-t,
1400 1905 1639 2004 wetiga),
1677 1901 1843 1976 fasciculi
1879 1899 1939 1974 isti
1970 1899 2124 1974 minime
2150 1898 2190 1974 in

602 2024 783 2102 circulum
808 2029 1003 2128 dispositi,
1029 2033 1095 2108 scd
1123 2059 1190 2132 per
1216 2033 1428 2108 universnm
1455 2029 1566 2106 telam
1594 2029 1809 2104 cellulosam
1828 2031 1948 2131 sparsi
1974 2027 2190 2132 deprehen-

602 2153 753 2255 duntur.
805 2157 904 2231 Hinc
927 2159 1023 2234 ratio
1043 2161 1220 2262 petenda,
1247 2162 1353 2261 quod
1378 2160 1604 2261 procedente
1628 2157 1881 2258 vegetatione,
1904 2183 1973 2231 nec
1999 2159 2190 2232 resistente

602 2307 762 2381 corpore
783 2281 947 2381 fibroso,
982 2287 1165 2365 medullae
1192 2287 1403 2366 volumen
1393 2289 1577 2390 insignem
1606 2289 1643 2362 in
1673 2283 1829 2360 modum
1856 2267 2049 2380 dilatetur3
2085 2289 2190 2388 quod

603 2409 754 2509 quidem
788 2437 918 2488 ansam
953 2412 1107 2516 praebet
1131 2419 1305 2511 caritati,
1343 2444 1457 2518 quam
1489 2430 1658 2490 centrum
1686 2411 1801 2488 caulis
1826 2440 2010 2516 occupare
2042 2417 2080 2491 in
2109 2417 2192 2520 ple-

603 2535 751 2639 risque
746 2540 1012 2673 Umbellil'eris
1033 2543 1233 2622 berbaceis
1256 2546 1520 2702 conspicimus.
1571 2592 1574 2601 ·

601 2677 701 2741 ·:.,·
742 2655 857 2726 rui..
889 2708 891 2716 .
928 2679 934 2719 5
990 2711 994 2728 ,
1045 2693 1106 2729 22,
1145 2693 1190 2728 r..
1236 2698 1239 2714 ·

635 2783 843 2894 wltotdt,
865 2815 1014 2907 utpote
1038 2789 1225 2932 iiiethmti
1241 2801 1528 2910 compositione
1556 2833 1600 2880 oc
1624 2805 1812 2900 divisura,
1845 2805 2089 2908 multiplicem
2115 2811 2191 2885 ae'ri

551 2953 555 2964 ·
601 2929 819 3034 praebentia
845 2945 1085 3031 contactum,
1120 2954 1198 3013 non
1221 2951 1348 3013 tamen
1370 2937 1453 3012 nisi
1446 2936 1688 3010 inferiorem
1716 2921 1857 3012 habent
1883 2937 2060 3038 paginam
2085 2937 2192 3039 poris

602 3061 853 3162 epidermidis
859 3065 1079 3166 Qrepletam,
1094 3077 1130 3139 et
1150 3047 1286 3142 eodem
1300 3047 1429 3142 modo
1456 3090 1496 3142 se
1523 3064 1661 3145 habet
1658 3091 1746 3138 cum
1772 3063 2048 3165 bupleurorunt
2072 3066 2190 3162 toliis,

576 3237 580 3244 -
603 3187 689 3265 licet
712 3192 1020 3294 simplicissimis:
1051 3193 1111 3270 hic
1136 3196 1236 3270 enim
1260 3193 1341 3270 sola
1367 3195 1581 3297 superficies
1606 3207 1726 3271 terrae
1747 3193 1907 3272 obversa
1933 3193 2195 3271 innumerabi-

605 3314 705 3392 libus
730 3335 846 3394 scatet
871 3324 996 3423 poris,
1020 3338 1172 3426 excepta
1202 3351 1245 3400 ea
1260 3327 1510 3426 epidermidis
1536 3311 1662 3428 parte,
1682 3352 1764 3426 ·qua
1789 3320 1970 3397 fibrarum
1995 3323 2193 3399 fasciculos

606 3446 686 3544 ipsa
713 3448 887 3548 contegit.
953 3452 1121 3554 Stipulae
1156 3460 1196 3531 in
1229 3483 1363 3558 genere
1390 3456 1562 3556 quamvis
1586 3453 1728 3545 desint,
1773 3451 1961 3550 singulare
1987 3470 2112 3530 tamen
2139 3469 2193 3530 est

602 3574 769 3675 pilorum
791 3576 1056 3679 elongatorum
1079 3610 1217 3686 genns3
1258 3583 1383 3687 qnod
1391 3583 1519 3658 axillas
1546 3581 1725 3658 soliorum
1753 3573 1950 3655 obsidet
1940 3611 1977 3656 rn
2005 3579 2195 3657 Umbelli-

601 3703 692 3777 ieris
718 3689 947 3806 quibusdam
985 3734 1028 3786 ac
1060 3707 1280 3836 stipularum
1309 3701 1702 3811 involucellorumque
1730 3708 1854 3782 locum
1884 3707 2009 3783 simul
2022 3723 2193 3811 ‹rcoupat

606 3832 898 3912 Candollius
933 3837 1072 3918 illud
1058 3869 1096 3917 rn
1133 3823 1213 3920 sola
1240 3841 1426 3920 Boulesia
1461 3838 1650 3914 nodiilora
1675 3840 1735 3912 Pr.
1763 3832 1977 3914 observavit
2002 3839 2140 3938 (Me'm.
2164 3863 2193 3912 s.

606 3961 629 4038 l.
654 3963 843 4042 Ombellil.
868 3978 959 4064 39.,)
987 3999 1056 4046 nos
1079 3974 1227 4050 etiam
1217 3999 1255 4047 rn
1276 3971 1397 4048 Buwl.
1423 3971 1624 4046 teneraH
1651 3973 1691 4044 B.
1719 3967 1853 4042 modo
1865 3989 1886 4041 a
1913 3966 2050 4068 priori
2056 3966 2103 4042 sit
2129 3965 2194 4040 di·-

608 4114 734 4216 versa,
766 4097 869 4220 etin
895 4091 1016 4176 Bo'wl!
1044 4100 1262 4177 dichotoma
1287 4101 1429 4178 Cende·
1527 4123 1544 4152 ’·
1580 4137 1583 4146 ·
1614 4124 1630 4152 ··
1692 4147 1695 4154 ·
1758 4119 1774 4134 ’“
1841 4117 1857 4137 “·
2179 4102 2184 4123 ⁴

604 4233 621 4268 z·
653 4236 751 4272 .i·=··
785 4235 801 4273 ·.
1086 4241 1109 4262 ··
1300 4239 1311 4248 ··
1408 4247 1412 4278 ι

721 4339 1167 4440 Flos¹1imbelliserarirm
1193 4343 1236 4438 'si
1267 4364 1525 4453 examinatum*
1557 4360 1698 4463 duplex·
1726 4345 1791 4434 ttic'
1822 4369 1945 4460 potest
1970 4345 2096 4434 locuni
2121 4360 2193 4434 ba·-

604 4468 696 4565 b'e'ee
720 4482 975 4594 inaequalitas.
1006 4493 1157 4569 ¹Primo
1182 4485 1281 4568 eninr
1295 4493 1395 4568 'loco
1418 4487 1579 4593 possunt
1600 4489 1903 4588 ejusdemdloiis'
1922 4485 2045 4591 petala
2064 4489 2192 4590 quoad

606 4597 903 4721 magnitudinem
930 4627 1170 4726 lorma'mque
1202 4597 1390 4696 sibi¹esse
1415 4617 1626 4715 dissimilia,
1652 4647 1706 4698 ex.
1724 4621 2020 4725 ‘'gn-„radiantim
2046 4633 2083 4694 et
2108 4619 2195 4696 tio-

607 4749 735 4848 gulare
759 4753 911 4854 quidem
939 4734 1014 4867 est,
1037 4751 1115 4827 hoc'
1137 4759 1333 4852 nunq‘uam
1355 4751 1518 4846 evenire,
1544 4749 1574 4826 si
1599 4753 1711 4829 llores
1737 4763 1824 4827 sunt
1849 4749 1959 4842 lutei,
1985 4748 2086 4822 unde
2113 4749 2194 4824 tti-
