4786 5996
1284 553 1574 636 ...33-

1355 831 1513 936 §tn

1229 963 1636 1062 cuscurt

750 1159 848 1232 Huic
875 1155 1003 1256 generi
1032 1153 1230 1260 capsulam
1254 1155 1498 1234 bilocularem
1521 1159 1816 1234 circumscissam
1840 1178 1878 1236 et
1900 1166 2042 1238 semina
2065 1167 2103 1239 in
2125 1191 2224 1268 quo-

635 1291 690 1362 ris
729 1285 856 1361 loculo
894 1282 1044 1384 gemina
1089 1279 1220 1358 tribuit
1255 1287 1311 1362 Cl.
1351 1291 1652 1362 Gaertnerus
1691 1277 1792 1387 (lc.
1827 1293 1854 1364 l.
1893 1297 2023 1388 997.):
2072 1293 2136 1366 scd
2170 1293 2223 1367 lll.

634 1423 661 1494 S
671 1412 951 1518 prengelius
982 1411 1174 1514 capsulam
1204 1429 1312 1488 vocat
1334 1413 1414 1491 basi
1442 1416 1696 1490 dehiscentem
1722 1413 1767 1518 (l.
1788 1444 1818 1490 c.
1842 1421 1954 1516 m).
2014 1421 2082 1504 Est
2104 1435 2224 1494 autem

633 1549 715 1648 ipsa
743 1542 961 1618 bilocularis
989 1540 1165 1642 quidem,
1200 1541 1264 1615 sed
1293 1545 1344 1618 ita
1370 1559 1414 1617 ut
1439 1544 1749 1644 dissepimentum
1785 1547 1973 1646 profunde
2012 1549 2224 1650 emargina-

631 1691 713 1750 tum
739 1673 785 1747 ad
813 1667 989 1772 capsulae
1016 1670 1161 1770 apicem
1186 1695 1265 1743 non
1291 1673 1496 1772 pertingat,
1525 1699 1623 1774 quae
1641 1671 1766 1775 itaque
1784 1673 2073 1752 subbilocularis
2090 1678 2222 1751 rectius

633 1806 703 1878 erit
744 1801 935 1892 vocanda,
986 1795 1137 1900 qualem
1173 1801 1327 1898 quoqne
1369 1801 1503 1875 sistunt
1541 1801 1705 1904 optimae
1744 1801 1798 1878 Cl.
1837 1801 2223 1879 Reichenbachii

632 1936 761 2008 icones
788 1928 868 2026 ejus
905 1931 1103 2028 (Iconogr.
1129 1925 1210 2001 bot·
1230 1928 1274 1997 V·
1303 1939 1326 1998 t.
1346 1937 1591 2040 497-500.)3
1663 1927 1902 2006 Dehiscentia
1930 1946 2053 2006 antem
2084 1957 2128 2006 ea
2156 1947 2220 2022 est,

630 2081 673 2138 ut
695 2060 924 2147 circulariter
952 2056 1075 2131 soluta
1100 2083 1122 2128 a
1148 2053 1231 2128 basi
1258 2052 1490 2150 disciformi,
1514 2058 1824 2158 dissepimentum
1853 2057 2100 2152 sustenlantc‚
2127 2086 2220 2161 quac

631 2192 710 2266 sola
737 2217 823 2262 cum
850 2186 974 2290 calyce
1002 2186 1187 2289 persistit,
1213 2195 1293 2256 tota
1325 2171 1514 2282 aufugiat,
1550 2200 1665 2287 prout
1691 2184 1787 2261 bene
1812 2189 2036 2264 delineatum
2061 2201 2178 2272 exstat
2201 2215 2220 2262 a

632 2323 688 2397 Cl.
724 2315 953 2393 ttootero
990 2312 1272 2409 (Exuettt.
1298 2313 1464 2409 t.150.):
1492 2310 1580 2386 hinc
1607 2311 1689 2389 basi
1716 2315 1973 2393 circumscissu
2000 2330 2123 2418 potest
2151 2343 2219 2390 vo-

631 2449 721 2522 cari.
774 2444 948 2543 Denique
973 2446 1012 2519 in
1042 2449 1255 2520 Cuscuta
1281 2469 1521 2542 europaeo
1549 2445 1704 2547 quidem
1725 2445 1894 2546 singulus
1919 2444 2091 2547 capsulae
2110 2443 2219 2519 locu-

631 2580 689 2651 lus
718 2575 860 2650 semina
890 2572 967 2645 duo
997 2573 1181 2646 continet:
1234 2587 1272 2644 at
1305 2572 1342 2644 in
1379 2573 1420 2650 C.
1448 2601 1720 2677 monogyna
1753 2578 1798 2648 V.
1827 2586 2040 2649 constanter
2071 2573 2219 2646 nonnisi

631 2707 787 2780 unicum
806 2702 844 2777 in
863 2701 948 2803 ipso
968 2713 1207 2794 contentum,
1236 2697 1407 2795 alterius,
1436 2703 1490 2774 uti
1510 2701 1674 2797 videtur,
1696 2701 1852 2796 abortu,
1880 2698 2170 2779 obsecravimus.

1351 2997 1511 3100 ete

1170 3152 1698 3232 Louunruus

745 3327 1009 3402 Lonicerac
1044 3350 1132 3398 suae
1168 3322 1447 3425 ceylanicae
1484 3323 1749 3421 (Loranthi
1786 3323 1937 3398 indici
1974 3326 2108 3422 Lam.)
2136 3353 2217 3401 em-

630 3458 817 3559 bryonem
850 3482 1020 3531 summus
1056 3452 1294 3554 Carpologus
1332 3427 1737 3556 monocotpledoneum
1772 3467 1903 3546 vocat,
1945 3453 2017 3553 ipsi
2050 3453 2217 3530 tribuens

630 3585 896 3688 cotyledonem
932 3583 1094 3658 solidam
1121 3579 1265 3682 absque
1295 3579 1375 3655 ullo
1410 3581 1605 3656 divisionis
1633 3582 1787 3684 vestigio
1822 3580 1866 3680 (l.
1889 3609 1920 3656 c.
1955 3583 1985 3656 Ι.
2006 3579 2090 3666 132.
2115 3598 2140 3657 t.
2160 3602 2217 3671 27.

629 3719 741 3812 s..2.).
809 3712 885 3789 Sed
911 3715 956 3787 L.
982 3714 1022 3786 C.
1049 3708 1320 3786 Richardus
1343 3711 1677 3786 laboriosissimum
1706 3713 1839 3786 Virum
1865 3711 1918 3784 ait
1940 3735 2099 3803 errasse,
2126 3710 2217 3785 dum

631 3848 730 3918 inter
760 3845 870 3945 plura
893 3865 1031 3942 genera
1061 3839 1314 3915 Lorantlro
1341 3867 1495 3943 qnoque
1517 3839 1922 3943 monocotyledoneum
1946 3863 2026 3912 esse
2052 3842 2220 3913 statuerit

631 3971 879 4073 embryonem
912 3974 990 4068 (Du
1015 3967 1115 4040 fruit.
1132 3969 1230 4062 89·);
1271 3983 1308 4042 et
1331 3969 1386 4043 Cl.
1408 3972 1476 4044 Vir
1507 3971 1554 4045 Α.
1585 3973 1628 4044 L.
1662 3969 1716 4043 de
1746 3969 1768 4039 J
1778 3967 1936 4040 ussieu
1962 3965 2129 4062 ejusdem
2155 3995 2220 4040 re-

630 4115 763 4201 spectu
786 4102 839 4173 rei
860 4097 1082 4173 sententiam
1107 4096 1302 4169 enunciat:
1340 4099 1654 4172 Guertnerum
1681 4093 1767 4168 licet
1787 4094 1922 4194 sugerit
1946 4094 2134 4193 separatio
2155 4091 2219 4168 lo-

630 4229 771 4304 boru'm
797 4225 1036 4302 seminalium
1062 4223 1326 4320 Loranthi,
1363 4241 1591 4303 nontamen
1614 4227 1739 4300 minus
1762 4237 1863 4298 certo
1890 4220 2219 4324 dicotyledoneum

502 4419 506 4430 .
629 4355 817 4433 essehoc
851 4382 990 4457 genus,
1037 4355 1142 4458 quod
1175 4357 1287 4432 etiam
1322 4359 1566 4434 confirmetur
1591 4369 1674 4430 toto
1700 4351 1850 4444 habitu,
1895 4377 1964 4426 nec
1996 4379 2074 4428 non
2102 4354 2219 4454 ipsius

629 4485 806 4586 analogia
832 4513 919 4558 cum
944 4482 1026 4557 aliis
1047 4481 1269 4584 generibus,
1294 4512 1337 4562 cx
1359 4488 1482 4560 forma
1501 4485 1573 4586 ipsi
1597 4484 1747 4560 sociatis
1773 4483 1913 4582 (Mem.
1938 4509 1966 4556 s.
1986 4480 2009 4554 l.
2037 4484 2223 4584 Capriso-

628 4615 718 4691 lices
746 4629 783 4688 et
807 4611 1060 4688 Loranthtes:
1101 4618 1200 4689 Anu.
1230 4613 1282 4688 du
1309 4617 1408 4690 Mus.
1433 4615 1575 4690 d’Hist.
1597 4628 1672 4687 nat
1689 4614 1774 4686 ΧΠ.
1799 4618 1918 4706 989).
1982 4613 2155 4683 Tandem
2182 4613 2224 4684 in

629 4745 773 4846 analysi
793 4743 946 4818 seminis
975 4741 1210 4819 Loranthi
1237 4747 1442 4823 unillori
1455 4803 1465 4843 ,
1488 4771 1604 4847 quam
1624 4739 1851 4818 Mirbelio
1876 4735 2056 4813 debemus
2076 4741 2228 4838 (Euam.
