4786 5996
848 673 904 692 ·-
964 629 1022 712 33
1079 674 1136 696 -
1247 671 1255 686 ’
1402 647 1406 668 ·

197 816 455 898 crebrioribus
481 833 519 898 et
543 819 834 926 angustioribus.
872 865 923 884 -
960 823 1083 900 Porro
1120 821 1233 924 Aug.
1270 823 1461 902 Rerulii
1486 827 1574 906 All.
1610 831 1788 934 (Medem.

199 955 328 1046 1310.)
353 963 533 1028 mouente
558 949 711 1049 jamjam
738 951 793 1028 Cl.
816 951 1082 1032 Candollio
1105 938 1181 1050 (nl.
1204 953 1338 1053 Frange
1364 957 1409 1032 V.
1433 957 1532 1058 508.)
1557 961 1710 1038 minime
1735 979 1792 1042 est

197 1079 329 1182 planta
354 1078 571 1174 Gouani,
606 1079 674 1156 sed
707 1078 756 1156 ad
800 1079 964 1183 Angel.
1002 1081 1287 1185 sylvestrem
1323 1086 1503 1186 pertinet,
1539 1089 1645 1188 quod
1679 1093 1791 1170 etiam
1919 1059 1924 1092 l

153 1229 163 1240 ’
198 1211 428 1290 confirmant
451 1208 658 1322 specimina
679 1235 703 1284 a
727 1211 982 1289 Bellardio
1005 1212 1131 1302 missa,
1158 1235 1255 1311 quae
1279 1211 1319 1286 in
1347 1211 1644 1320 phytopbylacio
1665 1219 1794 1296 Will-

196 1339 412 1418 deuoriano
446 1339 709 1415 adservantur:
744 1365 767 1414 a
801 1337 1051 1419 Bellardio
1083 1339 1186 1414 enim
1223 1336 1477 1418 Allionius
1507 1341 1674 1446 plantam
1705 1375 1792 1427 ese

198 1481 454 1543 enumeratam
480 1463 674 1544 babuerat.
725 1465 1010 1568 Angelicam
1035 1467 1386 1546 flavescentem
1411 1471 1511 1546 bees.
1535 1473 1689 1552 tandem
1713 1502 1795 1556 esse

136 1619 139 1634 ’
201 1591 583 1670 distinctissimameb
601 1595 714 1698 Aug.
732 1593 1122 1700 Razuliiplan'tam,
1144 1592 1257 1690 exiis,
1279 1619 1375 1697 quae
1388 1623 1503 1701 supra
1519 1599 1694 1700 diximus,
1714 1605 1793 1706 jam

127 1787 139 1804 ,
199 1719 329 1795 elucet
380 1722 461 1796 Nec
486 1735 612 1798 tamen
638 1721 864 1820 differentia,
889 1737 932 1800 ut
957 1723 1111 1829 quidem
1133 1720 1215 1802 vult
1242 1723 1470 1799 Resserus
1495 1729 1647 1826 (Eoum.
1665 1731 1794 1814 vollh.

201 1841 295 1946 54),
317 1847 441 1950 posita
465 1864 521 1925 est
542 1851 584 1926 in
604 1851 743 1948 radice,
770 1879 867 1955 quae
893 1852 934 1927 in
955 1865 1114 1955 utraque
1135 1850 1257 1953 specie
1282 1848 1443 1948 biennis,
1467 1853 1535 1930 sed
1559 1856 1599 1930 in
1623 1855 1723 1939 loliis
1750 1889 1794 1942 ac

201 1979 364 2072 semine,
389 2001 460 2054 nec
482 2005 563 2054 non
590 1979 722 2076 odore,
749 1979 880 2084 quiin
907 1980 952 2053 A.
978 1977 1169 2056 Razulii
1194 2005 1281 2054 cum
1306 1979 1399 2054 flore
1426 1993 1462 2054 et
1492 1981 1616 2058 fructu
1644 1988 1794 2091 siccata,

200 2109 341 2185 recenti
363 2124 510 2201 tamen,
536 2108 660 2210 gravis
682 2121 736 2184 est
760 2121 799 2182 et
823 2105 871 2180 ad
898 2101 1111 2182 Melilotum
1137 2105 1291 2182 accedit
1315 2147 1364 2164 -
1389 2105 1449 2181 Ex
1475 2103 1589 2186 altera
1613 2129 1718 2215 parte
1744 2121 1794 2198 ad

200 2239 312 2337 Aug.
337 2234 532 2312 Razulii
566 2237 616 2311 G.
649 2259 892 2340 synonymon
922 2233 1086 2330 accedit,
1119 2233 1235 2336 idque
1262 2245 1398 2310 notatu
1419 2233 1695 2339 dignissimum,
1716 2247 1794 2323 sci.

191 2363 308 2458 -licet,
353 2360 598 2441 Callisace
637 2359 1052 2439 daburicaFiscb.
1078 2359 1347 2441 Callisaces
1383 2389 1521 2466 genus,
1560 2367 1793 2452 Fiscbero

200 2493 368 2584 dictum,
401 2490 528 2592 primo
555 2491 720 2566 occurrit
741 2496 782 2566 in
804 2489 971 2566 secunda
1006 2515 1187 2594 generum
1212 2487 1545 2569 Umbelliierarum
1571 2496 1627 2573 CL
1653 2501 1795 2582 flott-

200 2619 362 2694 manni
393 2613 560 2692 editione
585 2617 791 2716 (xxvm.)
824 2619 1038 2722 diciturque
1068 2615 1119 2694 ab
1145 2615 1385 2718 Angelica
1417 2615 1570 2695 differre
1604 2629 1792 2710 seminum

202 2750 328 2823 forma
360 2745 577 2848 exquisitius
610 2725 851 2842 rotundam,
867 2747 981 2824 costis
1022 2744 1169 2824 obtusis
1196 2743 1399 2841 tmuiosis,
1445 2745 1603 2852 aliisque
1634 2757 1794 2838 minoris

202 2879 385 2954 momenti
409 2877 521 2952 notis.
573 2873 629 2952 Cl.
648 2873 971 2978 Sprengelius
996 2879 1121 2980 (Spem
1136 2871 1254 2952 Umb.
1276 2874 1369 2952 mire.
1394 2895 1504 2978 cogo.
1519 2891 1582 2966 70.
1607 2883 1657 2983 1.)
1683 2885 1793 2962 cal.

204 3005 389 3084 lisacen
414 3031 439 3082 a
463 3005 751 3082 Peucedano
777 3006 987 3110 palustri
1012 3009 1069 3082 Μ.
1094 3007 1140 3082 tt.
1166 3001 1311 3106 (Selino
1342 3006 1405 3108 L.)
1441 3005 1546 3085 baud
1570 3024 1678 3112 putat
1712 3037 1795 3092 esse

201 3161 338 3237 genere
362 3137 634 3239 separandam,
669 3134 759 3212 binc
784 3135 825 3212 in
849 3139 951 3241 Syst.
970 3141 1064 3241 Veg.
1085 3137 1143 3214 ed
1168 3134 1309 3212 noviss
1341 3135 1370 3209 I.
1398 3147 1485 3232 895.
1510 3138 1632 3242 ipsam
1656 3165 1793 3218 recess-

201 3280 257 3341 set
282 3263 355 3341 sub
379 3265 535 3340 nomine
561 3261 800 3370 Thysselii
837 3261 1080 3363 devurici,
1115 3265 1245 3343 addita
1282 3261 1411 3366 phrasi
1444 3267 1637 3370 specifica,
1670 3272 1793 3375 patria

201 3408 238 3470 et
263 3419 477 3498 synonymo
501 3389 757 3468 Fiscberiano.
822 3391 922 3468 Huic
950 3408 1079 3470 tamen
1110 3391 1314 3471 sententiae
1351 3387 1587 3472 subscribere
1628 3395 1793 3501 plurima

200 3551 273 3602 nos
294 3537 431 3602 uetant
482 3523 537 3597 Ut
558 3521 659 3596 enim
681 3519 852 3597 habitum
879 3519 1176 3600 diversissimum
1200 3535 1403 3616 taceamus,
1428 3535 1485 3596 est
1504 3525 1790 3606 Peucedano

200 3650 412 3756 palustri
437 3675 593 3752 germen
612 3647 718 3724 nullo
736 3649 891 3752 quidem
911 3651 1018 3730 disco
1038 3650 1217 3757 styligero
1233 3662 1472 3746 coronatum,
1491 3651 1644 3730 seminis
1665 3670 1791 3734 costae

201 3795 290 3856 suut
314 3777 595 3877 obtusissimus,
636 3779 875 3860 involucrum
906 3779 1172 3890 polypbyllum
1197 3791 1235 3854 et
1269 3775 1392 3880 petala
1427 3777 1655 3878 obcordata3
1691 3807 1789 3886 quae

202 3923 337 3986 cuncta
361 3909 467 3987 aliter
487 3935 527 4016 se
557 3905 701 3984 babent
724 3909 765 3984 in
799 3907 1057 4006 Callisace,
1090 3933 1205 4012 quam
1228 3933 1249 3982 e
1279 3903 1500 4002 seminibus,
1526 3905 1576 3984 ab
1599 3925 1677 4014 opt.
1712 3915 1791 3989 Fi-

4 4049 9 4056 ’
104 4113 109 4122 ,
202 4035 376 4114 scbero
402 4033 543 4140 pluries
569 4036 875 4133 communicatis,
913 4035 1003 4112 inde
1027 4037 1078 4114 ab
1111 4065 1144 4113 e.
1174 4049 1284 4124 1814
1318 4033 1515 4113 coluimus.
1579 4041 1790 4116 Candol-

203 4163 300 4242 lius
331 4191 485 4268 quoque
510 4163 660 4266 (Prode.
685 4167 752 4242 IV.
778 4163 881 4265 184)
907 4189 1026 4266 genus
1048 4165 1265 4242 distinctum
1290 4166 1472 4263 serravit,
1509 4191 1670 4243 monens
1693 4166 1788 4246 illud

200 4293 299 4370 inter
324 4291 607 4394 Angelicanr
638 4305 675 4368 et
707 4294 1077 4399 Imperatoriam
1112 4291 1281 4369 medium
1324 4319 1414 4372 esse.
1477 4297 1626 4374 Desunt
1660 4307 1788 4373 tamen

201 4437 315 4500 notae
338 4418 412 4524 ipsi
437 4417 488 4524 ab
501 4417 747 4522 'Angelica
784 4417 1050 4524 distinguendo
1079 4417 1303 4502 sufficientes
1328 4437 1366 4501 et
1394 4423 1527 4502 sedulo
1561 4426 1789 4526 comparatis

201 4549 315 4653 Aug.
341 4520 535 4625 Rurulii
570 4549 616 4622 G.
643 4561 720 4624 tum
747 4549 999 4654 descriptione
1023 4563 1060 4625 et
1080 4547 1189 4626 icone
1213 4551 1401 4630 Gouuni
1437 4553 1587 4650 (Illustr.
1622 4548 1702 4627 bot.
1726 4568 1787 4640 13.

203 4694 229 4754 t.
256 4675 338 4779 Vl.)
363 4703 478 4782 quem
503 4675 772 4784 speciminibus
798 4679 975 4782 optimis,
1014 4681 1173 4784 quaein
1200 4683 1401 4785 Pyrenaeis
1425 4677 1669 4756 orientalibus
1699 4677 1788 4782 legit

201 4804 240 4883 b
266 4807 409 4884 amicus
437 4823 567 4886 noster
593 4811 646 4884 M.
677 4805 842 4886 Robde
873 4810 929 4885 ld.
948 4811 1020 4905 ¹1),
1058 4833 1107 4884 ne
1140 4809 1336 4886 minimam
1369 4805 1619 4886 differentiam
1651 4803 1789 4886 obscr-
1905 4794 1908 4806 ⁸

1298 4937 1326 5014 li
