4786 5996
1215 530 1510 616 ...96-

576 753 652 836 que
678 754 699 800 e
724 726 944 831 synonymis
968 716 1082 816 simui
1105 714 1273 826 dilegatis
1296 722 1431 799 elucet:
1457 747 1536 824 quo
1561 723 1802 820 factumest,
1828 738 1871 801 ut
1896 741 2068 810 auctores
2095 731 2167 834 sub

578 857 644 936 illu
671 855 826 932 nomine
847 855 1014 932 diversas
1032 853 1302 958 proposuerint
1325 853 1470 953 stirpes.
1522 851 1572 925 Et
1597 854 1898 956 primoquidem
1925 860 2015 936 Ses.
2042 858 2173 962 glau-

579 1016 683 1067 cum
709 991 824 1063 Gou.
851 980 1008 1081 (Illustr.
1038 992 1127 1082 17.),
1151 984 1182 1059 si
1207 983 1497 1084 descriptionem
1522 982 1713 1075 conseras,
1752 979 1854 1057 baud
1881 976 2004 1088 specie
2030 983 2174 1065 ridebis
2269 1029 2273 1034 ·

547 1107 550 1125 ¹
581 1146 661 1198 csse
697 1113 996 1222 separanduma
1034 1115 1073 1189 S.
1098 1128 1350 1208 montano,
1393 1109 1453 1186 cui
1476 1107 1556 1209 ipse
1579 1106 1809 1185 Gouauus
1834 1103 1926 1186 illud
1958 1115 2176 1217 proximum

577 1250 692 1343 dicit,
730 1243 831 1321 unde
879 1238 960 1340 ejus
983 1266 1136 1344 quoque
1174 1239 1333 1317 varietas
1369 1236 1552 1315 salutatur
1588 1233 1906 1314 acindottio
1927 1231 2004 1342 (PL
2035 1245 2171 1343 Frons.

581 1380 646 1454 IV.
669 1375 785 1475 984.)
835 1372 959 1445 Porro
996 1371 1090 1446 Ses.
1124 1365 1343 1472 glaucum
1377 1369 1504 1468 Jacq.
1540 1363 1693 1465 (Eoum.
1728 1365 1843 1442 Vind.
1863 1363 1915 1443 'et
1940 1368 1996 1446 ΡΙ.
2029 1373 2174 1472 Austr.)

583 1501 762 1580 nonalia
799 1497 946 1577 ridetur
971 1496 1101 1606 planta
1123 1525 1166 1572 ac
1203 1494 1362 1574 Seseli
1388 1493 1567 1570 elatum
1595 1494 1708 1568 Gou.
1732 1491 1817 1594 (ΙΙΙ.)
1843 1509 1879 1570 et
1895 1499 2015 1574 ·Linn.
2041 1501 2176 1601 (Mant.

582 1619 644 1708 stt.
669 1632 749 1706 non
772 1640 897 1701 tamen
913 1628 1021 1728 Spec.
1045 1621 1109 1726 pl,
1133 1625 1238 1729 quod
1264 1627 1511 1704 Linnaeus
1536 1623 1617 1725 ipse
1638 1622 1679 1695 in
1700 1618 1830 1698 litteris
1857 1609 2177 1703 ad'Gouanum

585 1759 665 1834 vult
698 1754 882 1850 excludo:
929 1769 1118 1856 quotquot
1141 1756 1239 1830 enim
1266 1769 1342 1829 tam
1369 1754 1409 1829 in
1430 1749 1616 1828 herbariis
1642 1752 1968 1852 praestantissimis
2001 1753 2180 1830 Parisinis

584 1889 848 1979 lustravimus,
871 1909 986 1983 quam
1012 1883 1051 1956 in
1077 1879 1170 1957 locis
1194 1910 1216 1958 a
1241 1884 1448 1957 Gouano
1474 1879 1646 1955 indicatis
1670 1905 1692 1954 a
1715 1877 1752 1955 b.
1777 1880 1943 1957 Rohde
1965 1881 2061 1958 lecta
2084 1907 2178 1956 exa·-

584 2018 809 2096 minavimus
848 2015 943 2088 Scs.
972 2009 1089 2087 elati
1119 2010 1344 2114 specimina,
1385 2007 1529 2112 nullam
1565 2007 1658 2087 haec
1683 2005 1804 2084 'nobis
1839 2007 2109 2104 differentiam,
2146 2008 2179 2084 si

584 2161 764 2220 staturam
790 2139 952 2243 excipias
975 2142 1174 2232 minorem,
1194 2137 1444 2216 exhibuerunt
1468 2162 1489 2240 a
1515 2138 1611 2214 Ses.
1636 2135 1808 2240 glauco
1835 2143 1858 2214 J
1867 2167 1975 2244 aeq,
2000 2137 2108 2243 quod
2133 2138 2173 2238 in

584 2274 665 2374 agri
691 2265 1000 2345 vindobonensis
1038 2266 1200 2368 petrosis
1226 2266 1274 2340 ad
1301 2265 1452 2360 Baden,
1488 2263 1606 2340 Briihl
1632 2279 1668 2340 et
1692 2263 1802 2366 alibi,
1839 2293 1977 2371 magna
1994 2268 2044 2368 ¹in
2069 2266 2181 2370 copia

584 2399 755 2500 legimus.
808 2395 858 2471 Et
883 2393 971 2469 huic
997 2397 1171 2498 quidem,
1196 2409 1238 2468 ut
1265 2391 1496 2468 transeundo
1524 2390 1634 2468 liceat
1658 2421 1836 2494 monere,
1874 2396 2180 2499 conjungendum

586 2529 733 2606 ridetur
760 2519 913 2601 Seseli
940 2521 1259 2598 tenuitolium·
1279 2520 1450 2597 Ledeb.
1473 2519 1544 2628 (ΓΙ.
1571 2521 1645 2598 Ate.
1665 2527 1695 2600 Ι.
1714 2533 1820 2626 333.)
1842 2527 1970 2631 quoad
1991 2526 2182 2630 specimen

587 2654 636 2730 ab
674 2649 913 2760 amicissimo¹
942 2649 1037 2724 Viro
1069 2651 1411 2744 communicatum,
1449 2675 1520 2724 nec
1553 2677 1634 2730 non
1668 2657 1856 2732 monitum
1889 2638 1918 2733 Ι.
1945 2681 1976 2732 c.
2003 2654 2181 2748 adlatum,

467 2763 469 2768 ⁵
586 2809 667 2858 esse
694 2778 793 2855 banc
818 2767 981 2888 speciem
1007 2782 1111 2858 “Ses.
1136 2776 1234 2855 elato
1259 2781 1420 2858 maxime
1446 2780 1632 2858 affinem’'.
1662 2785 1857 2889 ¹Denique
1878 2799 2003 2862 autem
2025 2780 2181 2866 seseli

587 2914 817 3018 glaucum
850 2911 905 2984 Μ.
933 2906 1061 2985 Bieb.
1090 2912 1224 3009 (Taur.
1260 2909 1374 2983 Cano.
1399 2910 1427 2982 Ι.
1452 2913 1554 3011 234.)
1583 2908 1636 2984 ob
1663 2910 1886 3010 discrimen,
1921 2911 2026 3019 quod
2057 2910 2180 3014 ipsum

586 3027 784 3122 intercedit
808 3053 845 3116 et
875 3038 1100 3140 Jacquini
1128 3032 1218 3140 set,
1244 3034 1489 3137 glaucum,
1516 3039 1591 3116 alio
1615 3038 1701 3117 loco
1734 3045 1846 3146 (Nor.
1870 3045 1953 3120 Act.
1978 3044 2063 3122 Nat
2090 3041 2196 3118 Cur:

586 3174 611 3252 Ι.
641 3183 687 3274 c.)
714 3169 981 3272 descripsimus
1004 3167 1158 3241 nomine
1185 3165 1411 3244 Seseleos
1437 3168 1575 3246 varii.
1645 3173 1735 3248 Non
1771 3186 1896 3261 tamen
1931 3174 1972 3248 in
2010 3173 2179 3248 Caucaso

588 3331 633 3380 uc
658 3302 801 3380 Tauria
827 3310 974 3375 tantum
1009 3295 1176 3371 nascitur
1208 3294 1303 3374 haec
1335 3299 1471 3402 stirps,
1509 3325 1639 3376 verum
1666 3302 1777 3376 etiam
1803 3302 1845 3377 in
1880 3301 2085 3377 Germania
2110 3301 2180 3400 (M.

589 3451 626 3510 et
648 3436 693 3510 K.
721 3428 776 3506 ΕΙ.
811 3430 939 3502 Germ.
966 3425 1014 3498 ΙΙ.
1039 3423 1142 3522 408.)
1168 3440 1216 3520 et,
1242 3427 1281 3500 ni
1306 3425 1482 3521 fallimur,
1507 3427 1547 3501 iu
1573 3426 1719 3503 Gallia:
1748 3428 1846 3504 undc
1873 3454 2053 3530 quaerere
2081 3425 2179 3521 licet,

589 3567 684 3640 sitne
710 3559 804 3639 illud
832 3561 924 3636 Ses.
958 3551 1176 3654 glaucum
1204 3554 1337 3628 Linn.
1370 3555 1586 3656 genuinum.
1638 3556 1813 3632 Vidimus
1837 3557 1938 3632 enim
1965 3583 1987 3632 a
2013 3555 2069 3634 Cl.
2094 3559 2182 3634 Re-

584 3663 736 3797 ¹quien
758 3688 913 3766 nomine
939 3681 1163 3759 Seseleos
1197 3680 1628 3786 caryophylloidis
1665 3685 1860 3760 Avenione
1892 3685 2049 3764 missum
2088 3690 2180 3765 Ses.

592 3820 1013 3906 variumnostrum:
1051 3811 1154 3912 unde
1200 3811 1347 3886 videtur
1383 3810 1491 3915 lapsu
1528 3809 1661 3886 calami
1702 3811 1863 3907 factum,
1905 3831 1947 3891 ut
1985 3818 2024 3894 in
2062 3815 2183 3892 hortis

592 3945 820 4050 quibusdam
860 3942 1086 4018 Germaniae
1108 3917 1295 4016 botanicis
1321 3939 1413 4017 haec
1440 3943 1581 4045 species
1612 3956 1785 4018 occurrat
1807 3971 1894 4019 cum
1920 3945 2075 4022 nornine
2101 3948 2183 4022 Se-

582 4075 751 4172 ‚scleos
777 4069 1258 4175 chaerophylloidis‚
1292 4085 1472 4174 quaeest
1502 4073 1629 4176 stirpis
1663 4073 1937 4154 diversissimae
1973 4073 2184 4154 aThun·

513 4225 517 4234 '
592 4208 766 4312 bergio
792 4203 1048 4281 inPromont.
1076 4197 1113 4302 h,
1137 4200 1227 4303 Spei
1252 4196 1385 4297 lectae.¹
2050 4185 2061 4206 ⁰
