4786 5996
843 571 900 590 ...
960 503 1135 610 75...

188 753 292 804 nnnc
325 723 574 803 Belualine
606 715 718 798 titulo
752 717 808 796 ct
840 715 997 794 Delile
1016 719 1069 794 ia
1094 717 1229 794 Florae
1255 719 1546 826 Monspeliensis
1571 723 1782 828 prodromo

189 855 361 934 nondum
386 855 489 931 edito
515 851 663 957 separet
688 847 858 952 plantam
884 849 1096 951 aquaticam
1122 849 1271 924 noviter
1295 831 1499 948 detectam,
1529 881 1645 956 quum
1671 871 1781 933 antea

190 983 427 1080 Cllliesnli
454 975 1079 1077 Zan·ntch1etliaevaginalis
1105 976 1261 1054 nomine
1287 998 1549 1081 proposuerat.
1599 985 1650 1062 Et
1663 985 1781 1064 hoece

187 1135 341 1190 nonum·
368 1114 522 1216 quidem
555 1123 696 1214 genus,
742 1105 890 1210 praeter
921 1105 1078 1208 stipulas
1104 1107 1341 1208 voginsn'tes,
1379 1109 1782 1193 necnontubercule

187 1242 263 1318 trie
277 1243 329 1318 :tn
346 1241 569 1345 pedunculo
593 1239 700 1315 floris
731 1235 905 1333 maseuli,
927 1263 1024 1340 quse
1050 1239 1181 1314 forsan
1204 1235 1345 1340 calycis
1369 1237 1485 1313 tr'ilidi
1510 1239 1781 1336 rudimentum,

188 1388 401 1477 et‘praetor
425 1365 921 1458 a'ntheram'unilceularem
946 1391 969 1440 a
996 1365 1329 1443 Zanniclrellia
1355 1363 1506 1447 differre
1531 1367 1669 1444 dicitur
1694 1395 1781 1446 ern·-

185 1499 491 1607 bryonis'upice.
507 1493 764 1600 (cotyledone)
791 1493 980 1596 spiraliter
1004 1492 1167 1590 soluto,-
1195 1496 1326 1596 quiin
1353 1493 1687 1574 nunnicheltia
1712 1523 1781 1599 pec

186 1627 350 1732 angulos
376 1629 594 1704 introllexns
620 1623 853 1702 observetur.
916 1625 998 1698 Nos
1032 1626 1072 1699 in
1104 1625 1290 1700 fructibus
1322 1626 1498 1720 maturis,
1537 1651 1640 1730 quos
1677 1625 1781 1703 claro

189 1755 380 1859 nobisque
422 1753 650 1830 amicissimo
685 1754 782 1830 Viro
822 1750 1028 1850 debemus,
1072 1756 1266 1857 sequentia
1310 1749 1537 1830 notavimus.
1601 1755 1780 1858 Singulos

186 1911 322 1960 eorum
343 1898 417 1960 »est
457 1881 641 1985 pedicello
676 1881 915 1981 brevissimo*
940 1882 1115 1977 innixus,
1152 1881 1322 1986 oblongo
1337 1880 1563 1984 -ellipticus
1599 1885 1779 1990 utrinqne

189 2013 356 2090 obtusus
371 2010 739 2114 compressiuseulus
763 2037 921 2114 prorsus
941 2005 1079 2105 leeris,
1106 2009 1204 2114 stylo
1218 2023 1431 2086 ¹coronatus
1454 2011 1687 2112 persistenti,
1713 2015 1780 2117 qui

186 2147 275 2246 ipso
304 2137 431 2220 smera
463 2141 707 2241 longiorest
740 2152 777 2213 et
806 2133 977 2240 stigmate
1008 2138 1138 2213 finitur
1172 2133 1456 2215 suburbiculeto
1480 2135 1643 2242 obliquo
1676 2143 1779 2246 (rig.

186 2285 309 2348 nostr.
328 2279 417 2368 45.)
479 2271 740 2369 Integumenta
774 2254 1020 2372 embryonem
1059 2263 1231 2340 ambiunt
1260 2266 1361 2361 dno,
1413 2291 1583 2368 quorum
1620 2265 1779 2348 alterum

188 2415 247 2477 est
272 2402 437 2494 fructus,
474 2394 631 2470 alterum
659 2395 835 2490 seminis;
869 2408 907 2470 et
931 2395 1092 2470 exterius
1117 2393 1272 2496 quidem
1298 2408 1355 2470 est
1379 2407 1613 2472 crustaceum
1639 2396 1779 2496 lamina

186 2501 367 2606 celluldse
397 2524 505 2602 molli
537 2525 849 2626 superinductum
882 2523 1312 2624 tusco-ferrugineum,
1350 2521 1507 2600 interius
1539 2523 1779 2608 chartaceum

183 2673 428 2760 transparens
454 2651 592 2728 coloris
619 2652 823 2730 straminei.
859 2653 1085 2730 Posterioris
1104 2651 1316 2726 extremitas
1338 2653 1512 2754 superior
1536 2655 1778 2736 eminentiam

186 2785 303 2864 habet
328 2809 526 2862 caenosam
553 2780 649 2881 (Fig.
673 2794 791 2858 nostr.
819 2787 870 2869 46
896 2781 963 2860 litt
985 2783 1032 2886 a.)
1067 2795 1104 2857 et
1128 2779 1191 2859 hic
1212 2795 1274 2856 est
1297 2780 1423 2876 locus,
1458 2781 1525 2859 ubi
1551 2811 1680 2862 semen
1705 2787 1778 2864 ad-

187 2913 341 2992 haerere
371 2913 538 3006 videtur,
576 2906 683 3012 quod
709 2921 835 2986 tamen
860 2909 1029 2988 ulteriori
1057 2909 1321 2988 obseruatione
1348 2909 1674 3012 confirmandum
1712 2916 1777 2992 io-

184 3045 337 3122 serioris
362 3055 484 3118 eutem
511 3065 531 3112 e
558 3035 671 3112 latere
697 3063 816 3114 conus
850 3040 1014 3140 exsurgit
1047 3039 1299 3116 acutiusculns
1326 3040 1533 3119 radiculam
1567 3042 1777 3139 continens,
1843 3025 1846 3031 ¹

183 3173 258 3252 ubi
288 3169 400 3249 simul
433 3165 654 3252 membrana
691 3161 974 3243 obscuriuscule
1004 3182 1060 3243 est
1084 3166 1252 3244 colorata
1284 3183 1431 3244 etcum
1455 3165 1645 3247 radiculae
1671 3169 1777 3274 apice

183 3302 321 3380 leniter
351 3295 537 3372 cohaeret.
597 3295 725 3368 Hoccc
759 3294 1055 3397 integumentum
1093 3297 1248 3372 interius
1280 3310 1403 3372 totum
1440 3294 1563 3400 explet
1602 3295 1774 3404 embryo,

181 3430 336 3506 ratione
361 3419 667 3500 sructus=habita
693 3407 857 3520 erectus,
898 3421 1007 3521 cujus
1040 3451 1179 3529 corpus
1208 3451 1377 3500 crassum
1404 3439 1558 3503 ovatum
1583 3425 1625 3500 in
1650 3439 1776 3504 extre-

182 3557 319 3634 mitate
348 3579 416 3629 sua
441 3549 611 3626 inferiori
635 3550 685 3625 ad
710 3549 808 3627 latus
837 3565 1066 3655 spectantem
1101 3552 1216 3630 habet
1246 3582 1394 3650 aream,
1433 3553 1561 3632 medio
1594 3551 1776 3634 elevatam

80 3710 85 3718 ·
179 3689 225 3764 in
253 3680 537 3790 popillaelorme
570 3677 758 3756 radiculae
793 3678 1067 3758 rudimentum:
1109 3683 1200 3759 dum
1235 3686 1407 3786 superior
1439 3685 1480 3758 in
1513 3681 1775 3788 cotyledonem

180 3826 410 3892 extenuatur
433 3809 711 3912 longissimam,
738 3808 845 3909 cujus
870 3837 965 3913 apex
988 3809 1390 3889 circumvolutionibus
1414 3813 1607 3916 angulosis
1627 3813 1777 3894 duabus

180 3971 285 4023 cum,
304 3940 461 4018 dimidia
493 3941 710 4014 reconditur
741 3939 843 4040 (Fig.
869 3954 989 4014 nostr.
1014 3941 1103 4040 ιη).
1165 3943 1254 4034 Quo
1280 3940 1366 4015 loeo
1397 3955 1522 4018 autem
1548 3942 1707 4048 emhryo
1735 3947 1776 4023 in

178 4069 454 4170 cotyledonem
488 4071 660 4146 inflexam
687 4065 788 4161 abit,
830 4093 981 4169 gemma
1016 4082 1125 4144 acuta
1157 4067 1409 4164 conspicitur,
1446 4074 1667 4150 tenuissimo
1694 4101 1779 4152 em-

180 4198 385 4306 bryonalis
407 4197 635 4274 substantiae
662 4212 778 4274 strato
805 4210 921 4291 tecta,
956 4209 999 4272 ut
1023 4196 1150 4270 minus
1176 4209 1384 4272 cauterem
1408 4203 1635 4282 examinanti
1661 4201 1779 4279 libera

180 4327 310 4410 videri
333 4327 453 4431 possit
477 4327 642 4428 (sigeio
656 4325 723 4402 litt.
739 4326 802 4428 g.).

264 4583 375 4662 Hane
389 4599 615 4662 structuram
627 4585 770 4661 fruetus
783 4587 815 4660 si
828 4571 1090 4690 comparemus
1106 4601 1392 4666 cumstructurn
1415 4581 1780 4664 Zanniehelliae

178 4715 457 4824 palustris,
507 4713 694 4792 levissima
740 4715 912 4818 prolecto
957 4713 1275 4819 deprehendimus
1314 4716 1510 4818 utriusque
1551 4716 1779 4795 discrimina.

1351 4843 1434 4920 10·
