4786 5996
1266 526 1553 610 ..53-

618 721 868 825 vergentibus.
933 722 1185 798 Posteriorem
1211 722 1505 798 Gaertnerus
1531 716 1734 798 albuminis
1756 717 1888 814 titulo,
1923 718 2089 818 priorem
2114 745 2203 796 vero

616 849 732 926 vitelli
757 851 914 926 nomine
947 849 1135 950 designat3
1175 877 1254 951 quo
1282 848 1353 926 sub
1381 847 1567 928 vocabulo
1593 862 1737 950 partem
1760 848 1931 950 intelligit
1961 849 2007 950 (l.
2029 877 2059 926 c.
2079 852 2108 926 Ι.
2134 853 2205 925 ln·-

617 979 860 1080 trod.147.),
889 1005 986 1082 quae
1013 977 1296 1087 “arctissimum
1320 1005 1405 1053 cum
1431 976 1638 1082 embryone
1664 976 1779 1056 babet
1799 1005 1960 1072 nexum,
1997 992 2038 1062 ut
2063 976 2112 1063 ab
2137 978 2205 1056 illo

616 1107 740 1202 „solvi
761 1124 923 1212 nequeat
942 1109 1086 1212 absque
1104 1107 1333 1186 substantiae
1356 1135 1444 1184 suae
1467 1107 1667 1185 laesione.”
1710 1108 1768 1190 tu
1790 1106 2091 1192 Scitamiueis
2117 1107 2207 1210 qni-

618 1237 706 1311 dem
743 1236 910 1314 vitellum
944 1239 1153 1340 vaginalem
1181 1235 1338 1333 tribuit,
1371 1237 1395 1312 i.
1412 1263 1442 1312 e.
1464 1233 1603 1330 talem,
1633 1235 1699 1337 qui
1735 1232 2016 1338 “embryonem
2042 1238 2139 1320 intra
2166 1265 2206 1316 se

617 1379 823 1468 „tanquam
850 1366 894 1443 in
914 1366 1051 1468 ragina
1077 1367 1267 1462 claudat'’;
1293 1393 1454 1446 monens
1477 1379 1616 1458 tamen,
1641 1364 1777 1439 “istam
1796 1363 1968 1464 vaginam
1991 1367 2098 1468 apice
2114 1393 2208 1468 per-

615 1497 743 1589 „viam
769 1505 879 1590 esseql
893 1497 946 1572 ita
971 1511 1014 1572 ut
1033 1522 1211 1598 suprema
1232 1495 1451 1600 embryonis
1473 1519 1561 1595 pare
1586 1518 1735 1592 semper
1752 1505 1855 1570 extra
1871 1491 1969 1573 banc
1989 1508 2205 1596 aperturam

617 1625 916 1729 „aliquantulum
944 1626 1180 1728 promineat,
1219 1626 1311 1727 quin
1338 1623 1449 1698 etiam
1476 1624 1524 1700 ad
1551 1621 1740 1700 radiculae
1761 1620 1875 1696 finem
1902 1623 2076 1722 vaginam
2102 1649 2208 1700 non-

617 1781 839 1857 „nunquam
875 1757 1107 1857 perforatam
1145 1781 1224 1831 esse
1258 1753 1377 1832 videri
1388 1763 1410 1798 ’²
1441 1750 1495 1851 (l.
1526 1753 1584 1850 c),
1643 1749 1718 1826 Sed
1741 1750 1781 1825 in
1803 1748 2036 1824 contrarium
2062 1751 2206 1852 optime

616 1880 692 1980 jam
727 1883 877 1960 monuit
913 1883 969 1962 Cl.
1005 1888 1180 1963 Brown
1209 1883 1363 1982 (Prodr.
1385 1879 1441 1960 Fl.
1465 1882 1513 1956 N.
1537 1877 1851 1977 Holland.306.),
1885 1881 2205 1966 Scitaminea·

615 2039 718 2090 rum
750 2013 953 2114 embryoni
981 2013 1149 2093 vitellum
1176 2011 1281 2089 nullo
1312 2009 1464 2114 quidem
1500 2008 1540 2082 in
1567 2023 1707 2109 puncto
1740 2005 1943 2084 adhaerere
1973 2025 2010 2086 et
2035 2010 2207 2088 similiter

617 2167 691 2216 nos
717 2167 737 2216 e
763 2143 989 2219 dissectione
1013 2143 1180 2247 plurium
1206 2117 1390 2219 A'momi
1417 2165 1461 2217 ac
1486 2135 1725 2240 Hedycbii
1758 2137 1966 2237 specierum
1990 2137 2204 2234 didicimus,

616 2269 733 2346 vitelli
766 2298 948 2369 massam,
991 2272 1078 2350 licet
1110 2272 1320 2348 tenuiorem
1360 2269 1458 2344 circa
1491 2263 1710 2370 embryouis
1745 2268 1943 2360 verticem,
1987 2280 2114 2342 tamen
2151 2266 2205 2343 ibi

620 2396 834 2476 nullatcnus
860 2427 940 2476 esse
964 2403 1224 2503 interruptam.
1275 2398 1462 2474 Videntur
1487 2396 1613 2498 itaque
1637 2396 1798 2470 examini
1817 2423 1839 2470 a
1857 2395 1911 2473 Cl.
1928 2396 2021 2472 Viro
2036 2395 2205 2496 subjecta

617 2525 733 2602 fuisse
760 2531 903 2607 semina
927 2532 1042 2608 nimis
1068 2545 1232 2620 vetusta,
1259 2530 1318 2604 vel
1339 2524 1449 2601 aliam
1478 2524 1529 2603 ob
1553 2551 1704 2605 eausam
1724 2525 1851 2602 minus
1871 2523 1965 2600 bene
1986 2529 2203 2604 constituta:

619 2652 686 2728 tali
713 2656 901 2757 siquidem
935 2661 976 2736 in
1009 2686 1100 2735 casu
1130 2655 1276 2737 vitellus
1310 2653 1362 2734 ob
1397 2654 1643 2756 gelatinosam
1676 2681 1786 2730 suam
1820 2653 1989 2733 indolem
2014 2683 2094 2734 non
2118 2684 2205 2734 raro

617 2780 884 2863 lacerationem
905 2786 1018 2864 subit
1082 2788 1196 2883 Quod
1223 2800 1348 2862 autem
1374 2786 1670 2886 perforationem
1696 2784 1810 2862 vitelli
1838 2785 1992 2880 attinet,
2016 2785 2055 2862 in
2082 2811 2126 2862 ea
2149 2787 2207 2862 sni

618 2926 746 3012 parte,
781 2941 858 3018 qua
883 2914 1102 3020 embryonis
1127 2913 1333 2992 radiculam
1355 2910 1493 3008 ambit,
1519 2913 1608 2990 huic
1633 2915 1837 2992 sententiae
1863 2913 1972 2988 etiam
2000 2913 2207 2990 adsentitur

618 3041 673 3117 Cl.
700 3045 898 3140 Brown,
924 3045 1070 3147 ipsique
1096 3042 1171 3118 boc
1196 3043 1313 3118 modo
1337 3040 1488 3144 pondus
1514 3068 1593 3115 non
1612 3041 1693 3118 leve
1708 3043 1832 3118 addit:
1859 3042 1957 3164 ipter
1973 3041 2206 3148 characteres

618 3170 719 3244 enim
747 3172 1147 3247 Scitaminearum
1179 3173 1304 3248 ordini
1326 3170 1533 3272 peculiares
1555 3188 1749 3248 enumerat
1774 3173 1820 3276 (l.
1841 3173 1898 3273 c.)
1924 3171 2129 3250 “albumen
2156 3173 2205 3248 ad

617 3294 866 3392 „umbilicum
893 3299 1088 3395 deficiens,
1124 3299 1287 3377 vitellum
1312 3327 1384 3404 pro
1412 3300 1694 3376 transmissione
1722 3301 1910 3378 radiculae
1930 3300 2012 3378 basi
2039 3304 2201 3405 saepiae,

615 3427 771 3522 „forsan
784 3453 944 3529 semper,
964 3431 1218 3529 perforatum:
1244 3427 1333 3506 binc
1342 3431 1548 3508 radiculam
1562 3431 1710 3534 saepius
1726 3428 1880 3524 nudam,
1907 3432 1929 3506 i.
1940 3458 1968 3504 e.
1990 3458 2061 3507 nec
2076 3429 2204 3510 vitello

614 3579 710 3647 „neu
742 3553 935 3631 albumine
958 3557 1175 3633 inclusam.'’
1225 3561 1276 3634 Et
1300 3560 1351 3637 ita
1374 3587 1463 3637 sane
1487 3587 1547 3636 res
1576 3560 1733 3661 adparet
1755 3561 1795 3635 in
1821 3559 2051 3657 seminibus,
2074 3573 2202 3638 matu-

614 3683 667 3757 ris
682 3695 795 3785 atqne
817 3687 997 3782 exsuccis,
1020 3688 1074 3761 uti
1093 3687 1219 3764 uidere
1246 3703 1303 3764 est
1327 3690 1366 3764 in
1383 3686 1591 3766 seminibus
1610 3685 1880 3765 Elettariae
1900 3689 2201 3766 Cardamomi

614 3817 686 3889 W.
715 3815 818 3917 (Fig.
842 3829 960 3892 nostr.
979 3822 1038 3912 2.)
1073 3830 1109 3891 et
1134 3799 1370 3920 He'dychii
1396 3816 1727 3893 Gardneri'ani
1754 3821 1847 3894 Wa.
1872 3820 1976 3920 (Fig.
2000 3831 2118 3896 nostr.
2138 3827 2203 3918 3.),

615 3944 823 4018 secundum
847 3943 1123 4046 longitudinem
1146 3946 1330 4042 dissectis,
1354 3962 1391 4022 et
1405 3945 1539 4023 ‘notari
1562 3959 1746 4039 meretur,
1771 3946 1810 4021 in
1839 3949 2034 4024 Cannae
2060 3951 2203 4026 semine

617 4083 792 4165 maturo,
812 4069 898 4146 licet
921 4071 1048 4151 vitello
1071 4072 1313 4168 destituatur,
1336 4076 1507 4151 similiter
1528 4091 1654 4152 tamen
1681 4075 1888 4150 radiculam
1909 4075 2015 4153 nullo
2037 4077 2203 4156 albumi-

614 4200 673 4274 nis
701 4223 880 4301 processu
906 4199 1088 4275 inclusam
1114 4202 1235 4279 videri
1253 4205 1355 4306 (rig.
1378 4220 1495 4281 nostr.
1516 4206 1586 4303 1.),
1612 4203 1678 4278 sed
1699 4202 1918 4305 simpliciter
1936 4207 2201 4284 circumfusam

613 4345 791 4408 contextu
830 4329 1010 4406 celluloso
1041 4334 1226 4434 fungoso,
1265 4334 1331 4435 qui
1364 4333 1556 4408 residuum
1580 4345 1634 4407 est
1655 4330 1896 4407 membranae
1924 4334 1986 4412 ovi
2012 4335 2202 4410 interioris

612 4487 717 4535 nunc
741 4461 937 4555 exaridae,
974 4488 1069 4564 quae
1094 4459 1169 4536 boc
1195 4461 1281 4537 loco
1307 4463 1491 4561 insignem
1513 4461 1554 4538 in
1580 4462 1739 4538 modum
1765 4463 1970 4541 incrassata
1996 4479 2108 4567 atque
2134 4465 2197 4540 di-

611 4585 723 4664 latata
745 4591 911 4693 adparet.
940 4589 1057 4665 Aliter
1084 4604 1209 4664 tamen
1236 4615 1296 4664 res
1321 4615 1360 4664 se
1386 4586 1511 4683 habet,
1540 4590 1572 4666 si
1593 4619 1706 4667 orum
1728 4594 2009 4672 consideremus
2029 4595 2201 4670 nondum

613 4719 653 4792 in
680 4745 807 4796 semen
834 4721 1036 4800 evolutum.
1115 4722 1199 4796 Hoc
1236 4747 1259 4797 a
1293 4719 1405 4797 nobis
1442 4721 1581 4798 factum
1616 4724 1659 4800 in
1694 4721 1941 4827 Hedychio
1985 4726 2203 4802 Gardne-
