4830 5996
1250 543 1538 626 ...14-

715 741 873 816 Pozoa
896 735 1117 810 coriacea
1143 725 1248 836 Lag.
1299 738 1422 838 Hujus
1447 735 1635 838 specimen
1660 731 1834 809 Chilense
1858 759 1881 808 a
1906 733 2183 835 Poeppigio

602 869 780 960 missum,
814 863 918 965 quod
947 863 987 936 in
1013 861 1307 969 phytophylacio
1344 867 1502 942 amiciss.
1537 867 1696 939 Kunze
1715 861 2029 954 examinavimus,
2067 862 2122 936 sic
2147 886 2188 936 sc

602 990 728 1076 habet.
753 1033 800 1048 -
855 989 981 1066 caulis
1012 987 1274 1068 suffraticosus
1312 993 1553 1096 tripollicaris
1584 989 1815 1065 adscendens
1854 985 2022 1088 simplex.
2081 985 2189 1062 Folia

602 1121 744 1196 alterna
771 1119 1031 1220 adproximata
1057 1115 1168 1218 longe
1195 1118 1390 1220 petiolata‚
1428 1121 1528 1196 loliis
1552 1117 1842 1216 saxifragae
1872 1113 2099 1190 hirsutae
2131 1113 2191 1189 vel

603 1253 641 1324 S.
664 1248 748 1324 Gei
774 1276 854 1322 non
879 1239 1085 1338 absimilia,
1123 1245 1145 1318 i.
1171 1272 1202 1319 e.
1227 1245 1773 1336 subrotundo-cuneiformia,
1807 1243 1982 1319 dentibus
2006 1244 2193 1344 inaequa-

474 1391 478 1404 ’
603 1374 703 1451 libus
730 1370 1013 1469 obtusiusculis,
1048 1373 1265 1476 praesertim
1293 1374 1333 1448 in
1357 1356 1535 1448 anteriori
1560 1387 1664 1475 parte
1686 1373 1987 1473 circumscripta,
2024 1372 2191 1446 coriacea

604 1501 736 1604 glabra
773 1529 930 1596 venosa,
972 1527 1151 1579 venarum
1189 1503 1305 1576 ramis
1344 1499 1567 1603 plerumque
1615 1499 1810 1601 oppositis.
1872 1489 2009 1574 Petioli
2047 1513 2192 1592 teretes,

605 1657 718 1733 supra
744 1644 871 1704 tamen
892 1631 997 1707 sulco
1025 1631 1182 1724 exarati,
1209 1626 1291 1703 basi
1317 1629 1356 1704 in
1384 1629 1558 1730 vaginam
1581 1625 1702 1701 laxam
1724 1625 2023 1700 cucullisormem
2044 1623 2192 1701 abeun-

604 1775 679 1853 tes,
706 1785 781 1860 qua
803 1755 947 1834 caulem
976 1759 1262 1862 amplectuntur.
1315 1755 1574 1852 Pcdunculus,
1601 1756 1679 1850 acl,
1703 1756 1733 1830 si
1753 1755 1892 1848 mavis,
1913 1779 2069 1856 scapus,
2095 1753 2194 1830 late-

605 1887 752 1980 raliter,
790 1885 931 1962 scilicet
963 1913 1008 1961 ex
1037 1883 1095 1960 ala
1132 1883 1213 1958 folii
1248 1885 1372 1984 quarti
1405 1883 1463 1962 rel
1500 1885 1621 1985 quinti
1657 1882 1745 1958 inde
1781 1879 1830 1956 ab
1862 1881 1967 1982 apice
1994 1884 2193 1974 numerati,

605 2015 753 2120 prodit,
779 2041 879 2088 sex-
902 2014 961 2090 vel
989 2007 1324 2114 septempollicaris
1349 2024 1446 2086 teres
1472 2013 1781 2114 simplicissimus.
1834 2010 2077 2089 involucrum
2104 2039 2196 2087 mo-

606 2142 832 2248 nophyllum
868 2165 1096 2234 concavum,
1130 2137 1297 2249 umbella
1333 2167 1469 2242 parum
1504 2139 1674 2242 longius,
1714 2140 1960 2243 inaequaliter
2004 2140 2198 2215 dentatum

609 2271 832 2348 coloratum.
885 2265 1060 2344 Umbella
1088 2266 1266 2369 simplex,
1301 2269 1468 2344 flosculis
1493 2271 1639 2371 partim
1657 2267 1853 2360 masculis,
1874 2267 2015 2372 ¹partim
2043 2266 2199 2343 herma-

488 2467 490 2472 .
559 2441 572 2468 ι
608 2399 830 2504 phroditicis
867 2397 1045 2474 omnibus
1084 2394 1332 2499 pcdicellatis,
1371 2397 1561 2498 pedicellis
1592 2396 1992 2502 hermaphroditorum
2030 2397 2197 2498 germine

608 2526 856 2630 longioribus.
891 2525 1025 2629 ·Calyx
1048 2527 1228 2627 proprius
1253 2525 1449 2601 denticulis
1472 2526 1617 2602 obtusis
1640 2530 1836 2602 formatur.
1889 2526 2039 2622 Petala,¹
2071 2551 2197 2633 quan-

599 2675 689 2736 ,tum
715 2683 735 2730 e
764 2657 865 2732 sicco
898 2653 1065 2748 ridetur,
1105 2652 1332 2730 ochroleuca
1366 2669 1477 2731 ovata
1510 2655 1646 2732 obtusa
1678 2657 1831 2758 integra.
1882 2658 2042 2732 Fructus
2073 2653 2197 2732 adbuc

608 2783 767 2862 tenellus
792 2782 846 2862 illi
872 2781 1064 2858 Asteriscii
1091 2781 1242 2877 similis,
1282 2809 1520 2888 compressus
1542 2786 1583 2860 in
1609 2783 1804 2892 superficie
1827 2783 2051 2863 reticulatus.

725 3042 985 3123 Saniculae
1032 3041 1388 3121 marilandicae
1444 3051 1487 3124 L.
1530 3049 1827 3122 Gaertnerus
1875 3045 1922 3143 (l.
1961 3072 1991 3122 c.
2039 3050 2068 3122 1.
2111 3051 2197 3147 79.)

610 3181 777 3254 fructum
808 3185 920 3250 vocat
949 3197 1028 3246 non
1065 3169 1340 3274 bipartibilem,
1377 3177 1497 3253 immo
1538 3172 1825 3252 Candollius
1859 3173 2199 3273 (Prodr.1V.84.)

611 3304 739 3406 generi
768 3302 808 3376 in
843 3299 1061 3377 universum
1099 3296 1231 3376 tribuit
1264 3303 1427 3378 fructum
1457 3301 1560 3378 baud
1594 3328 1661 3378 sua
1694 3315 1829 3406 sponte
1861 3301 1900 3376 in
1930 3299 2043 3376 binas
2072 3318 2198 3406 partes

613 3431 858 3508 secedentem.
931 3429 1016 3503 Hoc
1050 3443 1177 3504 mmcn
1210 3431 1241 3504 si
1277 3433 1375 3506 sorte
1414 3432 1578 3526 eveniat,
1617 3431 1771 3532 quando
1813 3457 1941 3506 semen
1979 3429 2198 3508 alterutrum

613 3558 788 3651 abortiit,
825 3555 933 3636 utin
967 3559 1234 3634 Gaertneri
1269 3558 1553 3653 observatione,
1583 3586 1665 3634 non
1697 3572 1824 3634 tamen
1850 3557 1975 3636 locum
2003 3557 2135 3658 babet,
2168 3567 2199 3640 si

613 3700 816 3786 utrumque
839 3686 1092 3762 maturitatem
1113 3687 1379 3788 consequitur,
1417 3701 1459 3760 ut
1484 3688 1523 3761 in
1547 3691 1586 3762 S.
1608 3714 1881 3790 europacae
1910 3705 1946 3766 et
1967 3693 2198 3782 marilan-

612 3815 745 3888 dicae
778 3809 962 3888 fructibus
1002 3817 1165 3914 perfecte
1203 3815 1358 3887 maturis
1389 3814 1538 3915 saepius
1575 3813 1877 3892 observavimus:
1920 3821 2105 3922 siquidem
2146 3822 2199 3918 hi,

615 3940 802 4018 levissima
828 3939 981 4016 admota
1008 3941 1065 4032 vi,
1102 3955 1143 4016 ut
1169 3942 1207 4016 in
1233 3939 1315 4016 aliis
1340 3938 1614 4036 Umbelliferis,
1648 3941 1902 4020 dehiscebant.

623 4245 627 4252 ·
727 4197 986 4274 Saniculae
1037 4193 1378 4300 'graveolentis
1430 4204 1605 4302 Poepp.
1660 4204 1866 4305 specimina
1923 4209 2047 4284 minus
2098 4209 2202 4286 bona

616 4331 646 4404 C
655 4325 925 4405 andolliurn
952 4328 991 4425 (l.
1011 4359 1041 4405 c.
1058 4337 1137 4428 85.)
1163 4329 1351 4406 induxisse
1367 4329 1553 4423 videntur,
1579 4343 1621 4404 ut
1638 4328 1736 4408 banc
1751 4331 1902 4436 putaret
1927 4365 1949 4412 a
1972 4337 2203 4413 Senicula

614 4461 696 4533 lore
718 4485 854 4560 genere
879 4461 1138 4562 separandam.
1188 4461 1347 4572 Fructus
1367 4463 1470 4536 enim
1495 4463 1709 4564 superficies
1730 4465 1863 4542 eodem
1884 4493 1961 4570 quo
1987 4467 2203 4556 incaeteris

614 4585 810 4686 speciebus
832 4589 949 4666 modo
972 4587 1058 4691 pilis
1085 4589 1236 4665 arrectis
1250 4589 1443 4664 uncinatis
1465 4605 1598 4666 scatet:
1624 4597 1763 4695 pariter
1787 4598 1901 4672 llorcs
1921 4595 2075 4668 masculi
2091 4595 2204 4695 pedi-

543 4745 552 4764 ·
618 4713 713 4792 cello
740 4718 828 4794 satis
855 4718 971 4820 longo
999 4720 1219 4806 innituntur,
1271 4718 1363 4824 styli
1388 4726 1532 4798 fructus
1558 4695 1766 4824 longissimi
1791 4725 1975 4828 spiraliter
2001 4719 2170 4798 revoluti.
