4786 5996
1242 617 1532 702 ...34-

600 812 794 892 ravimus:
819 812 871 890 ita
899 809 1076 916 quidem,
1106 823 1149 886 nt
1173 805 1293 885 odore
1317 809 1451 906 etiam,
1484 835 1597 912 quem
1618 805 1845 911 peculiarem
1869 808 1908 882 in
1929 810 1975 883 A.
1997 806 2186 883 Raznlii

597 965 676 1016 esse
701 941 1023 1044 supradiximus,
1061 953 1189 1014 exacte
1213 938 1468 1012 convenirent.
1519 940 1601 1012 Nec
1625 935 1740 1034 objici
1767 949 1891 1038 potest
1915 935 2086 1012 locorum
2113 963 2189 1012 na-

595 1066 726 1144 talium
754 1069 947 1146 distantia:
971 1067 1111 1142 docent
1131 1065 1231 1138 euim
1259 1062 1409 1165 plantae
1431 1065 1601 1170 alpinae,
1636 1089 1732 1164 quas
1759 1065 1856 1137 inter
1879 1064 2188 1166 Astragalnm

596 1196 877 1292 nralenaem,
898 1189 1203 1270 Sibbaldiam
1227 1192 1633 1294 procumbentem,
1658 1193 1943 1266 Gentianam
1968 1193 2188 1286 nivalem,

596 1322 933 1402 Pedicularem
957 1345 1200 1394 rumosam
1224 1317 1385 1420 exempli
1406 1319 1495 1395 loeo
1520 1319 1719 1395 nominare
1744 1317 1869 1416 jurat,
1892 1321 2050 1395 eandem
2076 1347 2188 1422 posse

595 1451 756 1553 speciem
781 1448 904 1529 colere
933 1447 1185 1524 remotissima
1214 1443 1449 1526 abinvicem
1475 1449 1559 1526 loca
1581 1446 1732 1524 natalia.

1312 1791 1352 1896 5.
1407 1791 1473 1869 re.

1174 1973 1608 2051 suuruuu

545 2207 550 2214 ’
706 2207 926 2286 Selinum
961 2233 982 2282 a
1017 2205 1073 2286 Cl.
1097 2210 1293 2288 Korbio
1319 2213 1433 2313 (Diss.
1461 2229 1547 2300 100.
1572 2210 1629 2288 Η.
1654 2213 1784 2289 Germ.
1811 2217 1985 2316 11392.)
2019 2217 2069 2291 ita
2106 2219 2185 2293 cir-

594 2341 864 2443 cumscriptum
889 2351 968 2434 est,
992 2353 1057 2434 nt,
1089 2341 1225 2416 demtis
1246 2355 1283 2414 et
1307 2342 1357 2415 ad
1387 2340 1458 2416 alia
1483 2367 1623 2442 genera
1649 2341 1829 2444 ablegatis
1853 2345 2026 2446 plurimis
2049 2363 2186 2420 aucto-

593 2494 678 2542 rum
703 2465 923 2569 speciebus,
944 2470 1098 2543 nnieum
1122 2467 1336 2545 Selinum
1361 2469 1391 2543 C
1400 2467 1680 2546 aevisoliam
1709 2475 1753 2546 L.
1779 2471 1963 2566 includat,
1989 2471 2186 2548 characte-

591 2593 698 2670 ribus
725 2622 745 2668 e
772 2595 982 2698 petalornm
1007 2597 1227 2700 fructusque
1252 2603 1397 2692 torma,
1421 2625 1494 2673 nec
1513 2624 1594 2674 non
1618 2625 1640 2673 e
1668 2601 1844 2676 vittarum
1866 2628 2026 2676 numero
2052 2602 2184 2703 petitis.

593 2721 650 2799 Cl.
681 2723 1022 2800 Ledebourius
1047 2725 1119 2827 (ΓΙ.
1145 2725 1220 2803 Ali.
1246 2731 1277 2804 1.
1303 2735 1408 2826 318.)
1433 2727 1587 2805 alteram
1612 2728 1725 2828 bujus
1755 2733 1916 2832 speciem
1940 2755 2075 2830 parum
2109 2756 2186 2804 no-

592 2863 669 2926 tam
703 2853 823 2952 priori
850 2853 1021 2950 addidit,
1059 2880 1198 2958 nempe
1230 2856 1448 2934 Seliuum
1481 2857 1697 2934 Gmelini
1734 2861 1856 2962 Bray
1890 2859 2005 2962 idque
2038 2861 2185 2962 optimo

593 2977 775 3054 consilio:
799 3007 878 3055 non
907 2982 1009 3055 enim
1035 2979 1182 3078 differt,
1205 2987 1276 3061 nisi
1307 2985 1464 3091 calyculi
1492 2988 1615 3089 exigui
1644 2988 1873 3088 praesentia,
1904 2987 1972 3089 qui
2003 2987 2043 3062 in
2070 2989 2184 3064 Car-

594 3105 768 3185 visolia
808 3114 967 3186 omnino
1003 3111 1152 3205 deficit3
1195 3127 1232 3189 et
1257 3113 1447 3192 rallecnlis
1479 3113 1556 3192 bi·
1582 3129 1619 3189 et
1650 3113 1859 3207 tririttatis‚
1898 3139 1996 3216 quae
2035 3119 2076 3188 in
2121 3112 2184 3189 illa

591 3259 672 3309 non
699 3233 841 3312 habent
863 3239 935 3312 nisi
961 3239 1091 3314 vittam
1117 3240 1335 3318 solitarium.
1388 3245 1630 3320 Conveniunt
1654 3254 1778 3316 autem
1802 3239 1933 3316 babitu
1959 3243 1999 3316 in
2024 3241 2184 3320 unirer-

593 3389 697 3455 sum,
723 3377 803 3436 tum
829 3365 940 3440 etiam
972 3366 1193 3463 involucro,
1230 3371 1336 3472 qnod
1364 3369 1421 3447 rel
1448 3373 1608 3448 omnino
1629 3373 1755 3464 deest,
1781 3369 1840 3447 rel
1870 3368 2041 3445 foliolum
2063 3397 2183 3444 unum

596 3489 800 3568 alterumve
825 3491 989 3588 exbibet,
1022 3494 1256 3572 involucellis
1282 3497 1509 3601 polypbyllis
1531 3502 1698 3595 seleseia,
1724 3498 1855 3602 petalis
1879 3496 1975 3572 albis
2001 3495 2059 3572 rel
2088 3525 2184 3598 pur-

594 3619 879 3722 purascentibus
902 3623 1323 3723 emarginato-bilobis,
1349 3624 1453 3727 stylis
1480 3625 1685 3730 elongatis,
1717 3642 1803 3728 post
1826 3622 1998 3700 antbesin
2022 3625 2183 3718 reflexis,

597 3750 758 3850 denique
782 3752 925 3826 fruetus
954 3749 1104 3841 colore,
1138 3754 1396 3850 magnitudine
1422 3771 1459 3831 et
1481 3761 1616 3851 forma,
1640 3758 1705 3858 qui
1728 3753 1988 3830 subrotundus
2008 3752 2182 3855 idemque

596 3877 759 3954 adoreo
784 3905 1022 3980 compressus
1048 3895 1115 3974 est,
1144 3883 1351 3958 seminibus
1376 3885 1417 3957 in
1443 3901 1547 3986 parte
1570 3884 1711 3962 dorsali
1738 3881 1905 3974 maletis,
1930 3907 2050 3981 prope
2076 3907 2181 3956 mar-

596 4006 721 4106 ginem
745 4033 836 4084 rero
859 4009 1048 4084 instructis
1071 4009 1129 4084 ala
1158 4009 1370 4086 dorsalibus
1396 4011 1514 4113 duplo
1550 4013 1683 4088 latiori.
1734 4009 1963 4114 synonymis
1996 4021 2182 4103 tamma

599 4133 654 4216 Cl.
681 4134 776 4210 Viro
803 4133 826 4209 l.
860 4163 891 4208 o.
927 4136 1068 4237 optime
1094 4139 1341 4231 enumeratis,
1375 4139 1452 4213 duo
1485 4141 1659 4216 addenda
1690 4152 1797 4230 sunt,
1833 4165 1987 4240 nempe:
2028 4141 2183 4242 Impe-

595 4265 783 4344 ratoria
817 4263 1048 4346 Sileeiaca
1082 4266 1290 4368 Myrrbidis
1319 4284 1384 4345 aut
1410 4266 1680 4371 Chaeropbylli
1712 4266 1806 4342 solio
1839 4263 1970 4364 glabra
2002 4264 2117 4344 Mieb.
2141 4267 2179 4344 in

598 4390 682 4469 ΤΗΙ·
719 4390 755 4468 b·
791 4391 998 4484 tesauro.
1025 4403 1126 4488 t29.
1160 4399 1243 4482 KQ.
1283 4414 1320 4472 et
1369 4396 1741 4476 Conioselinnm
1781 4393 1937 4470 Fiscb.
2006 4393 2178 4474 Plantam

598 4523 716 4624 priori
738 4521 825 4598 loco
845 4519 1080 4634 nominatam
1105 4497 1360 4602 Miebeliue
1386 4529 1425 4603 in
1451 4527 1624 4630 pluribus
1647 4522 1798 4601 Silesiae
1821 4519 1928 4617 locis,
1950 4549 2019 4598 nec
2040 4549 2120 4599 non
2141 4525 2182 4600 in

598 4650 855 4726 studiosorum
888 4645 1007 4726 bortis
1034 4647 1194 4750 legerat,
1234 4652 1325 4728 dum
1357 4659 1466 4732 anuis
1502 4674 1612 4747 1712.
1645 4668 1683 4729 et
1718 4668 1831 4744 1713.
1857 4676 1925 4753 per
1959 4653 2184 4728 Germaniae

601 4774 791 4854 orientalis
823 4793 965 4878 partem
996 4779 1317 4882 peregrinaretur,
1353 4799 1390 4858 at
1426 4812 1514 4862 cum
1551 4784 1680 4888 planta
1715 4783 1796 4883 ipsa
1821 4778 1915 4860 baec
1941 4773 2020 4882 ejus
2046 4780 2183 4858 notitia
