4830 5996
868 534 1168 618 ...4ο-

221 722 461 803 orientali
498 727 565 802 Dr.
606 727 736 826 (Mem.
768 725 882 804 Omh.
921 733 981 814 63.
1005 731 1124 818 tto.)
1157 748 1290 826 ⁴neque
1330 725 1472 802 videtur
1510 726 1560 804 ah
1596 732 1806 812 Echino-

218 851 374 954 phora
401 855 445 928 L.
469 854 624 930 feliciter
648 868 859 958 separatum
888 841 967 930 esee
993 853 1110 931 hocce
1137 881 1266 956 genus.
1317 853 1491 932 Occurrit
1524 857 1633 934 etiam
1666 863 1706 936 in
1732 866 1809 940 Ar-

218 980 362 1075 menia,
388 961 516 1083 mroad
546 983 688 1058 semina
715 1010 737 1058 a
760 985 805 1059 F.
831 980 1066 1058 Fischero
1097 979 1281 1058 benevole
1307 983 1584 1060 communicata
1599 1041 1611 1080 ,
1644 1013 1741 1090 quae
1767 993 1807 1068 in

218 1105 332 1184 horto
357 1107 440 1186 hot‘
458 1109 759 1190 wratislaviensi
782 1109 1098 1213 goeminnverout,
1124 1107 1270 1187 nullum
1295 1113 1576 1188 tamovr.tlorem
1598 1114 1808 1196 fructumve

218 1235 413 1316 dederint
532 1301 536 1309 .

335 1443 546 1548 Cachrys
571 1443 827 1524 Libanotir
854 1445 896 1519 I..
911 1458 947 1519 et
965 1441 1099 1522 Vahl.
1128 1441 1274 1548 (Symb.
1291 1443 1384 1543 ΙΙΙ.).
1434 1398 1558 1543 ΗοΙοΙ
1583 1471 1807 1552 synonyma,

220 1588 367 1678 praeter
393 1573 635 1652 Morisoni
661 1570 818 1674 (cujus
807 1597 978 1665 iconem,
1020 1570 1212 1648 coloribus
1239 1574 1421 1664 fucatam,
1457 1571 1668 1650 intereras
1699 1603 1810 1652 rece-

189 1697 277 1808 'pit
308 1703 647 1797 Schluhriue),
693 1700 855 1776 maxime
893 1699 1009 1777 dubia
1053 1713 1150 1776 sunt.
1215 1697 1330 1791 Quod
1366 1699 1468 1775 enim
1492 1694 1567 1772 huc
1599 1701 1725 1778 retulit
1752 1704 1808 1780 Ill.

74 1875 81 1882 .
219 1830 533 1936 §prengelius
560 1829 682 1929 (Its.
719 1829 815 1930 Syst
839 1832 931 1931 veg.
953 1831 1019 1904 VI.
1043 1807 1146 1926 442.)
1172 1827 1531 1902 Rosmarinnm
1528 1827 1808 1928 Matthioli‚

222 1973 280 2034 est
315 1957 610 2036 Athamanta
648 1955 995 2054 Libanotish3
1032 1957 1244 2061 Cachrye
1266 1955 1430 2032 verior
1455 1952 1649 2031 Lolielii
1683 1959 1808 2038 autem

218 2085 413 2164 evidenter
437 2101 494 2163 eet
518 2084 895 2190 Ferulaeepeciee
920 2015 1045 2190 alirino
1075 2102 1113 2162 et
1136 2083 1236 2161 hane
1268 2082 1462 2185 quidem
1451 2111 1598 2160 leonem
1631 2085 1703 2162 suh
1737 2101 1808 2164 e'o-

217 2213 304 2288 dem
335 2213 491 2290 nomine
525 2211 740 2292 Loheliano
772 2215 860 2309 (uec
895 2211 984 2308 illo,
1020 2213 1175 2317 qood
1164 2240 1204 2288 m
1230 2215 1325 2315 Syet.
1350 2213 1440 2312 Veg.
1465 2212 1630 2314 dicitur)
1662 2214 1811 2294 iteravit

216 2341 589 2446 Delechampine
625 2341 734 2442 (Ilist
771 2341 884 2439 764..)
948 2341 1052 2418 Talie
1092 2365 1246 2445 quoque
1271 2337 1474 2415 Ferulae
1506 2342 1649 2443 species
1674 2342 1808 2444 procul

216 2469 337 2548 dubio
360 2483 415 2546 est
440 2471 552 2544 citata
574 2470 664 2544 icon
696 2467 947 2542 Bocconiana.
1397 2492 1412 2515 ·

336 2653 547 2776 cachrys
579 2669 870 2780 ¹Germajuica
893 2669 1107 2744 vmaxima
1142 2626 1342 2772 Argolicae
1375 2667 1487 2766 solio,
1521 2671 1663 2788 semine
1687 2700 1809 2776 parvo

221 2799 365 2875 sulcato
389 2796 485 2878 laevi
519 2799 567 2872 D.
596 2793 712 2873 Mich.
737 2799 777 2872 in
803 2795 889 2904 ‘sill
918 2799 1026 2872 llort
1050 2795 1123 2880 Pis.
1145 2813 1204 2884 28.
1230 2811 1255 2872 t.
1282 2796 1569 2901 18.e.3tsti1ps,
1595 2797 1702 2898 cujus
1729 2830 1809 2878 no-

219 2927 339 3002 titiam
371 2925 473 3028 apud
515 2925 769 3002 recentiorum
807 2922 953 2998 nullum
990 2924 1213 3004 invenimus.
1286 2927 1331 3000 In
1369 2902 1547 3029 Boruesia
1584 2955 1630 3006 ac
1664 2931 1807 3028 Silesia,

218 3055 391 3164 quamvis
426 3083 535 3150 raro,
569 3041 953 3130 'occurrere'diciruc
1023 3050 1131 3128 Folia
1168 3032 1552 3157 Imperatoriae
1558 3058 1808 3136 Ostruthii

218 3200 318 3278 sunt,
339 3183 405 3262 sed
433 3186 577 3258 fructus
598 3184 728 3284 utique
751 3150 1001 3286 Cachryoe
1023 3180 1189 3256 videtur:
1216 3205 1287 3252 nec
1311 3160 1521 3258 verosimile
1540 3199 1606 3281 est,
1628 3183 1807 3273 Miche-

216 3313 333 3390 lium
379 3311 498 3387 hocce
542 3311 781 3446 notissImum
823 3306 1127 3386 Ostenthium
1170 3305 1242 3384 sub
1286 3335 1390 3390 novo
1428 3313 1583 3390 nomine
1628 3313 1805 3448 introdu-
1824 3353 1828 3362 ⁴

1007 3451 1010 3458 .
1365 3444 1369 3454 ι
1522 3429 1527 3459 Ι

215 3467 298 3518 cere
323 3428 523 3568 voluisse.
572 3455 576 3464 ’

919 3675 963 3782 v.
1017 3680 1083 3758 ru.

633 3837 954 3934 nuruis,
976 3835 1365 3914 suvnuruvr

333 4051 592 4127 HermasL.
643 4047 770 4149 Hujus
793 3982 1044 4124 characterem
1071 4073 1093 4122 a
1119 4043 1375 4123 Linnaeo
1364 4077 1404 4124 m
1427 4051 1547 4128 Mont
1571 4055 1618 4130 11.
1644 4082 1688 4131 ex
1716 4085 1806 4161 spe·

220 4177 356 4256 cimine
393 4177 677 4252 Burmanniano
715 4177 983 4270 constitutum,
1019 4174 1060 4248 in
1092 4175 1186 4252 Gen.
1221 4175 1420 4278 planted.
1440 4181 1545 4256 VIII.
1584 4209 1606 4258 a
1638 4181 1803 4260 Sehre-

220 4301 340 4380 hero
367 4302 510 4404 absque
533 4303 611 4380 ulla
632 4305 839 4381 mutatione
864 4315 1076 4403 receptum,
1111 4328 1132 4376 a
1165 4299 1484 4410 Thunhergio
1509 4311 1587 4386 fere
1616 4311 1808 4404 intactum,

220 4431 275 4508 CI.
302 4429 656 4534 Spre‘ngeliue
645 4447 697 4508 ita
732 4432 910 4528 mutavit,
952 4444 994 4505 ut
1018 4431 1155 4506 fructui
1182 4428 1362 4508 tribueret
1395 4437 1598 4515 utriculmn
1623 4433 1810 4536 glabmm,

221 4585 299 4662 quo
325 4557 387 4634 ille
418 4559 467 4634 eit
505 4557 606 4634 arcte
633 4559 778 4635 cinctus
815 4563 874 4662 (R.
899 4561 938 4636 S.
963 4561 1061 4663 Syst.
1081 4563 1126 4638 V.
1149 4561 1215 4635 VI.
1242 4563 1431 4662 XXXIV.)
1465 4558 1676 4666 ipsumque
1706 4587 1809 4638 nunc

175 4733 180 4742 ·
220 4699 373 4767 vocaret
394 4674 701 4762 ¹“utriculatum”.
754 4687 878 4780 Quam
896 4689 1051 4794 quidem
1068 4689 1314 4766 mutationem
1338 4717 1418 4766 non
1439 4691 1529 4765 satie
1553 4715 1632 4766 esee
1649 4687 1809 4790 felicem,

1439 4816 1466 4890 7
