4786 5996
855 576 926 602 .-
982 531 1157 616 89..

214 733 263 808 de
294 727 331 806 la
363 725 438 808 div.
464 724 501 804 d.
524 731 643 832 vaget.
669 753 716 806 en
742 726 967 814 endothiaes
993 741 1060 802 etc.
1112 727 1213 804 Ano.
1243 723 1295 802 du
1322 751 1418 802 mus.
1446 725 1547 804 xv1.
1572 739 1599 802 t.
1620 743 1682 814 21.
1708 730 1806 834 ¹32)

212 854 374 962 embryo
407 869 483 933 tam
518 855 590 936 sub
623 857 919 961 germinatione,
958 880 1073 960 quam
1100 869 1188 932 ante
1209 853 1331 950 illam,
1366 856 1611 962 cotyledones
1636 860 1806 960 geminas

213 1013 301 1068 vere
326 999 517 1090 separatas
541 987 695 1088 promit.
745 986 829 1075 {Sed
851 1011 1027 1077 examen,
1061 985 1165 1088 quod
1193 1011 1280 1060 cum
1307 983 1549 1062 Loranthi
1575 991 1807 1090 europaei

211 1115 356 1194 semine
402 1113 526 1216 probe
563 1129 752 1196 maturato
791 1114 1043 1204 instituimus,
1064 1163 1070 1176 ·
1092 1113 1350 1188 Gaertneri
1383 1113 1627 1210 sententiam,
1674 1113 1807 1194 saltem

213 1243 343 1350 quoad
370 1240 469 1318 hanc
491 1243 676 1344 speciem,
702 1243 824 1347 ‚plane
848 1243 1102 1323 confirmarit:
1141 1241 1300 1348 embryo
1326 1245 1427 1322 enim
1453 1244 1516 1322 hic
1541 1247 1620 1322 sere
1646 1244 1805 1322 eandem

211 1373 328 1454 habet
357 1371 722 1468 conformationem,
760 1391 875 1476 quatu
914 1371 970 1448 Cl.
998 1373 1068 1450 Vir
1102 1372 1142 1446 in
1168 1373 1292 1472 specie
1322 1401 1345 1448 a
1377 1401 1418 1452 se
1455 1375 1666 1452 examinata
1691 1375 1806 1452 sistit:

214 1503 344 1581 modo‘
372 1499 533 1602 excipias
568 1498 831 1606 cotyledonem
864 1499 1079 1582 breviorem
1107 1517 1145 1578 et
1168 1499 1374 1578 radiculam
1399 1502 1479 1604 ejus
1499 1519 1675 1606 respectu
1699 1531 1807 1582 cros-

214 1633 377 1726 siorem‘,
409 1628 619 1732 capitatam.
680 1628 725 1704 ld
753 1629 853 1704 enim
881 1631 1068 1708 affirmare
1094 1657 1315 1734 possumus,
1344 1658 1417 1708 nos
1442 1645 1521 1707 tam
1546 1629 1706 1708 sollicita
1733 1661 1807 1710 co-

213 1759 401 1864 tyledonis
424 1758 678 1860 inspectione,
700 1783 816 1860 quam
841 1756 922 1856 ejus
942 1759 1167 1836 dissectione
1189 1757 1267 1836 sive
1292 1756 1556 1860 longitudinaii
1578 1761 1657 1844 sire
1680 1776 1806 1842 trans·

214 1887 370 1986 versati,
403 1886 546 1964 nullam
572 1887 745 1964 fissuram
769 1884 827 1964 vel
851 1885 1058 1966 divinatam
1083 1885 1380 1966 animadvertere
1406 1887 1584 1989 potuisse.

951 2223 1081 2300 .ts.

781 2223 1234 2456 PlthCOA.

332 2549 496 2656 Capsula
522 2552 561 2628 in
586 2553 657 2628 Fr.
684 2545 987 2628 sanchisolia
1012 2551 1085 2651 Sp.
1112 2553 1226 2653 (qaae
1250 2531 1536 2655 Llaupanke
1561 2553 1729 2632 Feuill.
1745 2555 1804 2634 ed.

215 2708 331 2784 germ.
353 2681 382 2759 1.
408 2697 469 2766 44.
501 2697 527 2758 t.
546 2683 636 2783 31.)
674 2675 844 2780 oblonga
881 2677 1091 2780 composita
1127 2705 1147 2752 e
1179 2691 1345 2782 quatuor
1392 2677 1555 2781 capsulis
1592 2681 1806 2762 minoribus

216 2807 514 2888 unilocularibus
540 2803 861 2914 longitudinaliter
886 2804 1078 2902 connatis,
1100 2805 1207 2908 apice
1233 2821 1359 2884 tamen
1385 2807 1519 2888 libero.
1570 2811 1653 2888 Hac
1679 2825 1805 2887 extre-

218 2941 342 3014 mitate
366 2938 469 3042 ipsae
495 2967 563 3043 per
589 2937 850 3014 maturitatem
866 2929 916 3008 ab
941 2933 1104 3013 invicem
1122 2935 1323 3040 divergunt
1341 2951 1453 3042 atque
1473 2939 1573 3016 intus
1593 2935 1805 3035 dehiscunt,

213 3066 361 3171 singula
386 3083 477 3143 tunc
502 3067 615 3144 simul
639 3063 775 3158 bifida,
800 3061 854 3137 sic
877 3075 918 3138 ut
943 3077 1022 3140 tota
1048 3063 1201 3168 capsula
1226 3091 1295 3168 per
1320 3067 1572 3144 maturitatem
1595 3065 1805 3166 dehiscens,

214 3198 319 3300 apice
344 3197 392 3270 sit
416 3197 590 3272 octofida.
652 3192 807 3271 Semina
838 3189 1003 3292 plurima
1032 3191 1171 3268 suturis
1197 3208 1361 3294 quatuor
1385 3195 1564 3298 utrinque
1589 3195 1804 3300 longitudi-

211 3325 347 3402 naliter
384 3321 644 3417 adhaerentia,
679 3343 796 3423 parra
825 3329 995 3393 testacea.
1058 3323 1362 3426 Integumentum
1390 3324 1544 3401 seminis
1568 3323 1733 3428 duplex,
1767 3341 1805 3404 et

214 3455 376 3532 exterius
398 3452 553 3557 quidem
579 3449 707 3525 laxum
728 3443 1114 3550 rugoso-plicatum,
1141 3450 1296 3558 interius
1323 3451 1478 3558 planum
1505 3453 1712 3530 saturatius'
1733 3482 1805 3532 co-

212 3583 386 3660 locatum.
455 3577 748 3682 Perispermium
786 3599 988 3650 carnosum
1024 3577 1149 3654 forma
1186 3581 1360 3676 seminis,
1407 3581 1549 3658 scilicet
1585 3581 1806 3686 cllipticum,

213 3713 391 3816 utrinque
416 3735 552 3814 parum
586 3719 830 3782 attenuatum.
897 3699 1070 3808 Embryo
1097 3703 1208 3782 albus
1239 3710 1388 3784 tertiam
1408 3707 1627 3808 albuminis
1657 3725 1803 3813 partem

211 3867 294 3916 non
328 3850 504 3942 superat,
539 3849 724 3930 erectus,
739 3846 883 3929 rectus,
919 3830 1208 3938 cotyledonibus
1234 3833 1404 3939 cllipticis
1430 3837 1564 3940 planis.
1625 3837 1708 3914 Hae
1732 3837 1804 3917 suh

213 3967 487 4071 germinatione
515 3962 716 4068 petiolatae
749 3974 839 4038 sunt
864 3973 902 4036 et
926 3959 1013 4065 pilis
1038 3964 1168 4066 parvis
1190 3962 1394 4042 articulatis
1419 3963 1608 4070 simulque
1632 3968 1803 4074 capitatis

211 4121 281 4198 per
306 4107 429 4174 toturn
459 4093 667 4196 marginem
690 4087 844 4166 ciliatae.

327 4356 386 4430 De
409 4350 562 4448 ordino,
590 4349 767 4456 subssqao
792 4343 912 4454 genus
933 4351 974 4427 in
999 4349 1247 4457 dispositione
1272 4351 1488 4456 plantarum
1514 4354 1677 4434 naturali
1704 4383 1803 4432 enu-

212 4483 437 4560 merandum
468 4495 543 4577 cst,
570 4478 738 4556 botanici
759 4481 837 4556 sere
860 4479 982 4558 silent.
1042 4487 1069 4560 S
1078 4482 1356 4587 prengelius
1393 4483 1548 4586 quidem
1575 4486 1800 4589 suspicatur,

211 4611 262 4686 ad
280 4609 453 4688 Violas
473 4609 598 4713 ipsum
623 4609 721 4684 sorte
746 4637 826 4688 esse
851 4611 1224 4717 1·eserendum(Syat.
1247 4638 1328 4716 reg.
1356 4612 1531 4690 chVI.
1558 4615 1600 4690 P.
1618 4617 1666 4690 11.
1681 4619 1800 4714 176),

211 4739 278 4816 sed
314 4753 446 4842 postea
478 4737 579 4816 hanc
614 4740 836 4816 sententiam
872 4741 1008 4820 iterum
1040 4741 1251 4846 suppressit
1290 4743 1409 4842 (Gen.
1441 4737 1493 4846 pl.
1524 4741 1583 4818 ed.
1608 4743 1673 4820 IX
1706 4745 1799 4822 P.1.

1289 4869 1341 4948 12
