4786 5996
865 551 923 569 ...
983 507 1156 592 59...

224 707 380 800 riano‚
405 706 515 781 unica
539 701 935 780 Soitaminearum
961 701 1211 805 genuioarum
1237 705 1383 804 specie,
1408 733 1522 808 quam
1549 705 1704 812 quidem
1730 709 1804 788 sub

225 833 343 912 oculis
375 833 598 930 babuimus,
625 833 717 910 dum
744 831 891 918 semina
917 859 985 910 sua
1009 831 1215 936 perliceret
1267 831 1470 938 Dolemus
1477 850 1624 932 tamen,
1650 864 1729 915 non
1756 837 1811 915 li-

222 966 342 1040 nuisse
367 961 480 1040 nobis
507 993 623 1044 ovum
648 965 881 1062 examinare,
913 963 985 1038 nist
974 959 1077 1038 'nbi
1104 958 1304 1066 embryo
1293 988 1369 1061 Jam
1394 963 1559 1064 primam
1585 966 1643 1040 sui
1670 970 1810 1048 fecerat

220 1093 508 1196 adparitionem.
567 1096 653 1169 Hoc
678 1105 849 1195 tempore
875 1105 999 1167 autem
1024 1078 1116 1164 illud
1143 1091 1324 1184 formam
1333 1118 1440 1168 suam
1472 1091 1697 1192 obovatam,
1738 1125 1809 1176 nec

219 1245 300 1303 aon
326 1201 553 1302 extensionis
576 1221 781 1299 terminum
805 1217 959 1320 jamjam
986 1223 1063 1298 fere
1080 1221 1263 1326 adeptum
1290 1234 1369 1318 est,
1402 1220 1528 1310 minus
1559 1237 1696 1301 tamen
1710 1225 1811 1302 inte-

220 1353 323 1460 riora
362 1368 452 1431 sunt
490 1349 686 1428 elaborata
721 1350 826 1451 (Fig.
856 1363 975 1426 nostr.
998 1356 1068 1448 4).
1118 1347 1347 1426 Membrana
1371 1350 1532 1426 exterior
1555 1349 1682 1432 adhuc
1704 1357 1809 1436 mol-

221 1453 379 1560 liuscnla
417 1482 577 1562 multum
611 1479 777 1558 crassitie
804 1477 940 1554 cedit
928 1479 1121 1574 anteriori,
1157 1505 1255 1581 quae
1282 1504 1410 1556 versus
1435 1473 1547 1556 basin
1572 1487 1724 1566 seminis
1744 1491 1809 1568 in-

219 1611 375 1720 signiter
399 1611 623 1707 incrassata,
649 1609 778 1714 ibique
801 1633 824 1685 a
849 1632 1027 1684 vasorum
1051 1607 1221 1683 funiculo
1239 1621 1339 1682 recta
1361 1605 1609 1688 adscendente
1626 1642 1808 1718 percursa

220 1755 285 1816 est.
338 1741 653 1844 Perispermium,
693 1736 799 1842 qnod
827 1736 1060 1845 superiorem
1087 1737 1151 1814 ovi
1177 1747 1322 1838 partem
1350 1751 1530 1840 occupat,
1564 1741 1807 1850 vitellumque

217 1865 376 1948 includit
401 1871 502 1972 (Fig.
527 1885 645 1986 nostr.
660 1879 728 1978 5.),
761 1899 848 1954 cum
871 1867 997 1947 adbuc
1021 1851 1137 1942 molle
1146 1867 1233 1961 sit,
1260 1878 1485 1942 structuram
1504 1894 1611 1946 snam
1635 1874 1806 1990 singula-

217 2023 299 2074 rem
325 1999 520 2102 patefecit,
559 2013 656 2104 quae
693 2001 794 2078 eninr
824 1996 961 2076 fibrae
976 1993 1153 2076 ridentur
1193 2019 1216 2070 a
1249 1991 1446 2095 superficie
1479 2023 1609 2078 versus
1635 2017 1807 2111 centrum

182 2222 186 2230 ,
215 2125 429 2222 tendentes,
454 2129 580 2232 reipsa
605 2144 694 2211 sont
719 2124 938 2205 cellularum
964 2123 1099 2218 series,
1123 2123 1318 2198 materiam
1342 2124 1585 2228 granulosam
1610 2133 1807 2236 copiosam

215 2259 489 2336 continentium
523 2259 624 2360 (Fig.
644 2271 763 2336 nostr.
781 2260 844 2353 6.).
906 2251 1013 2329 Licet
1045 2279 1134 2330 vero
1167 2261 1290 2328 totum
1323 2251 1490 2330 vitellum
1516 2259 1805 2364 perispermium

212 2386 404 2482 includat,
440 2401 566 2462 tamen
598 2413 674 2490 qua
712 2399 819 2490 parte
850 2386 974 2488 ipsum
1002 2381 1149 2456 inferne
1179 2379 1320 2479 ambit,
1359 2385 1642 2484 tenuissimum,
1680 2415 1804 2494 neque

214 2541 305 2591 vero
345 2516 471 2592 minus
506 2511 670 2590 solidum
706 2528 772 2592 cst.
835 2509 993 2589 Vitellus
1022 2509 1186 2586 sormam
1220 2511 1429 2618 oblongam
1465 2516 1532 2594 sed
1558 2515 1816 2618 irregularem

213 2641 347 2720 babet:
379 2641 523 2721 latescit
547 2642 649 2718 enirn
675 2641 802 2718 medio
828 2653 865 2715 et
888 2639 930 2716 in
954 2653 1114 2742 utraque
1140 2643 1388 2738 extremitate,
1421 2645 1593 2752 partibus
1618 2621 1804 2730 interme-

214 2769 285 2864 diis
317 2771 532 2876 angustatis.
593 2768 812 2848 Substantia
845 2764 926 2868 ejus
964 2780 1019 2844 est
1044 2765 1275 2870 gelatinosa,
1308 2770 1459 2876 qualem
1488 2748 1580 2852 alias
1605 2777 1802 2882 perisper-

213 2901 332 2976 mium
365 2900 406 2976 in
435 2899 562 3002 primo
591 2898 813 2978 incrementi
837 2900 896 2978 sui
927 2897 1051 2976 stadio
1086 2895 1262 3015 exbibete
1286 2899 1392 2979 solet.
1441 2904 1663 2988 caritatem
1686 2903 1802 3007 babet

212 3025 418 3132 oblongam
463 3041 500 3104 et
526 3028 719 3136 crassities
751 3025 832 3127 ejus
869 3029 1017 3106 minuta
1053 3044 1109 3106 est
1146 3030 1246 3108 circa
1280 3045 1482 3134 utramque
1519 3034 1801 3134 extremitatem,

210 3159 373 3236 maxime
399 3175 523 3237 autem
550 3161 648 3236 circa
671 3159 909 3254 inferiorem,
940 3183 1016 3262 qua
1043 3155 1291 3266 embryonem
1317 3155 1389 3236 sub
1416 3155 1562 3276 globuli
1588 3161 1714 3239 forma
1733 3167 1800 3240 fo·

109 3323 111 3326 ·
212 3300 274 3362 vet
300 3287 590 3392 (Fig.nostr.4
616 3289 760 3386 litte..)
783 3325 832 3348 -
868 3287 996 3364 Status
1013 3287 1153 3396 plenae
1177 3290 1400 3369 maturitatis
1420 3315 1443 3366 a
1464 3267 1583 3404 modo
1608 3273 1798 3404 descripto

210 3434 358 3520 tantum
383 3419 423 3494 in
450 3445 496 3494 eo
520 3415 664 3524 differt,
702 3414 807 3522 quod
828 3411 988 3520 embryo
1012 3415 1219 3524 oblongo·-
1191 3419 1407 3513 -conicns,
1438 3419 1478 3494 in
1504 3419 1631 3498 medio
1654 3424 1801 3502 ventri·

210 3575 342 3644 rosus,
378 3549 542 3651 perfecte
558 3547 766 3658 caritatem
791 3543 937 3648 explent
963 3547 1219 3652 perispermii,
1249 3546 1354 3656 quod
1380 3547 1422 3625 in
1447 3559 1530 3623 toto
1557 3545 1704 3634 ambitu
1728 3578 1799 3630 suo

212 3678 378 3760 crassitie
410 3677 488 3778 jam
518 3676 760 3782 imminutum
787 3689 862 3781 est,
899 3681 1120 3782 praesertim
1146 3679 1246 3756 circa
1273 3689 1419 3782 partem
1444 3673 1663 3786 embryonis
1689 3678 1799 3760 radi-

210 3807 397 3903 cularem,
432 3819 475 3882 ιιι
504 3803 580 3882 boc
603 3802 688 3908 ipso
707 3801 817 3900 loco,
853 3820 970 3907 prout
992 3833 1107 3912 supra
1134 3806 1318 3900 diximus,
1349 3805 1509 3892 deficere
1538 3806 1719 3910 videatur.
1747 3847 1796 3866 «-

207 3921 371 4015 Nunc'
340 3963 373 4013 n
397 3959 641 4039 quaeramus,
666 3961 760 4012 num
782 3932 857 4034 illi,
882 3962 997 4040 quarn
1019 3937 1288 4041 descripsimus
1309 3934 1453 4014 nuclei
1449 3933 1556 4038 parti
1582 3933 1697 4014 uitelli
1720 3961 1797 4012 no-
1932 3941 1934 3946 ’

207 4096 298 4145 men
323 4093 404 4184 eo,
411 4091 523 4169 quem
550 4061 623 4166 ipsc
611 4063 945 4142 Gaertnetus
970 4064 1121 4159 tribuit,
1149 4089 1262 4140 sensu
1282 4061 1363 4162 jure
1383 4076 1595 4166 competat,
1619 4063 1795 4166 negando

208 4198 362 4302 quidem
386 4187 719 4296 respondebimus3
744 4189 857 4268 simul
882 4207 1008 4270 tamen
1030 4219 1117 4272 cum
1139 4191 1197 4270 Cl.
1218 4185 1449 4268 Brownio
1473 4181 1688 4286 fatebimur,
1715 4217 1795 4268 esse

205 4340 375 4432 partem,
408 4352 495 4401 cnm
521 4315 740 4430 embryone
753 4317 967 4398 nullatenus
994 4319 1279 4418 cohaerentem,
1306 4342 1397 4426 ergo
1422 4347 1493 4399 neo
1518 4320 1793 4447 cotyledonem,

204 4469 248 4530 ut
288 4457 322 4529 J.
356 4453 401 4530 F..
432 4449 660 4549 Smitbio,
701 4477 773 4528 nee
811 4449 1038 4546 radiculam,
1073 4464 1118 4526 nt
1152 4447 1209 4530 Cl.
1235 4451 1330 4528 Viro
1358 4451 1536 4529 Cornea
1561 4449 1616 4526 de
1642 4451 1789 4526 Serra

152 4569 158 4574 ’
206 4581 374 4685 placuit;
414 4580 501 4659 licet
532 4607 612 4657 non
641 4578 929 4681 negaverimus,
971 4583 1096 4686 ipsum
1132 4555 1404 4661 verosimiliter
1426 4575 1659 4682 cotyledonis
1693 4578 1791 4656 uices

207 4705 392 4813 supplere.

1386 4831 1444 4911 ,.
