4786 5996
217 729 333 808 lubet.
393 733 520 808 Nuces
556 740 773 804 constanter
807 740 1011 830 quaternae
1046 740 1258 804 crustaceae
1283 753 1584 832 monospermae.
1646 734 1808 836 Integu-

216 873 389 940 mentum
410 856 565 934 seminis
590 855 744 932 unicum
771 872 1026 962 transparens,
1053 853 1130 932 hilo
1157 881 1295 957 supero
1320 859 1540 960 nigricante,
1567 859 1668 936 unde
1695 889 1809 940 vaso·-

213 1019 310 1068 rum.
325 985 524 1066 fasciculus
547 999 649 1062 reeta
671 985 866 1064 descendit
894 1002 932 1062 et
961 989 1003 1064 in
1030 985 1221 1064 chalaaam
1242 999 1395 1066 oratam
1425 984 1608 1067 luteolam.
1625 998 1808 1070 termina·

215 1137 291 1212 tur,
317 1129 414 1220 qua'e
435 1144 459 1194 a
480 1114 596 1190 latere
624 1113 752 1214 puncti
778 1114 937 1190 nuculae
962 1115 1026 1192 saxi
1052 1114 1178 1190 sedem
1206 1142 1313 1192 suam
1339 1114 1454 1192 habet
1476 1117 1570 1216 (Fig.
1586 1133 1703 1196 nostr.
1720 1127 1805 1222 57.).

83 1293 89 1306 ·
218 1244 513 1346 Perispermium
550 1241 636 1318 licet
669 1241 813 1318 nullum
850 1243 1001 1344 quidem
1034 1245 1151 1338 adsit,
1187 1243 1343 1318 interior
1375 1257 1500 1318 tamen
1526 1242 1627 1322 illius
1653 1249 1808 1352 integu-

215 1374 333 1455 menti
358 1371 574 1476 superficies
599 1371 752 1446 materia
781 1371 943 1474 pulpnsa
975 1387 1205 1477 occupatur,
1246 1399 1345 1476 quae
1370 1371 1443 1474 ipsi
1468 1361 1665 1468 adhaeret,
1703 1381 1808 1480 peri·

214 1503 444 1608 spermiique
470 1502 568 1579 vices
595 1515 720 1576 tenere
746 1500 917 1619 videtur,
940 1505 993 1577 'ut
1026 1501 1179 1601 jamjam
1203 1503 1503 1576 Gaertnerus
1536 1499 1560 1576 l.
1587 1531 1618 1579 c.
1643 1509 1804 1602 monuit,

213 1634 333 1708 immo
368 1633 450 1734 ipsa
487 1656 511 1705 a
547 1626 767 1704 Kunthio
809 1632 925 1732 (Syn.
959 1629 1012 1731 pl.
1043 1628 1317 1732 Aequinoctial.
1344 1631 1410 1706 lll.
1447 1635 1551 1730 384.)
1586 1634 1805 1739 simpliciter

186 1758 470 1863 ¹eudospermii
497 1757 651 1832 nomine
677 1757 868 1835 salutatur.
918 1757 1090 1863 Embryo
1123 1757 1351 1862 cylindricus
1384 1759 1554 1834 inversus
1580 1778 1703 1841 rectus
1728 1767 1806 1842 sere

215 1890 265 1966 od
287 1888 453 1964 medium
477 1911 595 1986 usque
622 1883 780 1980 bifidus,
808 1885 1096 1992 cotyledonihus
1129 1888 1214 1988 ipso
1240 1911 1319 1962 non
1344 1883 1543 1964 latioribus
1570 1891 1803 1994 complicatis

217 2016 360 2118 absque
381 2014 573 2118 plumulae
601 2017 756 2116 vestigio
782 2009 877 2117 (Fig.
899 2021 1199 2111 nostr.58.59.).
1249 2012 1380 2088 Minus
1405 2013 1501 2111 juste
1529 2013 1806 2098 Clllichard

179 2133 182 2138 Α
213 2143 284 2220 has
308 2145 429 2246 pingit
450 2140 711 2236 brevissimas,
752 2158 797 2219 ut
821 2145 1014 2238 crederes,
1058 2143 1329 2224 extremitatem
1360 2139 1581 2246 embryonis
1607 2145 1805 2249 cotyledo-

214 2297 344 2348 narem
380 2297 461 2346 non
493 2297 573 2346 esse
615 2271 688 2344 nisi
727 2269 858 2348 leviter
904 2271 1059 2346 incisam
1097 2272 1220 2370 (Ano.
1247 2270 1298 2345 du
1325 2273 1424 2346 Mus.
1450 2271 1516 2344 Ill.
1548 2285 1574 2346 t.
1597 2289 1659 2357 30.
1686 2279 1711 2350 f.
1738 2289 1801 2370 9.).

213 2397 589 2502 Mgriophyllum
617 2399 755 2498 itaque,
781 2397 910 2499 quoad
932 2395 1102 2473 habitum
1129 2409 1167 2470 et
1187 2396 1329 2471 fructus
1350 2396 1691 2476 conformationem
1714 2401 1804 2502 hinc
1906 2453 1912 2464 ·

221 2525 595 2631 Ceratophyllo,
620 2528 708 2600 inde
731 2525 1119 2628 Potamogetoni
1144 2523 1305 2599 multum
1330 2525 1519 2599 estolline.
1566 2531 1680 2622 Quod
1700 2535 1801 2609 enim

213 2659 253 2732 in
288 2653 640 2758 Ceratophyllo
672 2645 794 2726 vitellix
819 2651 940 2728 bilobi
977 2653 1325 2759 cotyledonisormis
1359 2651 1514 2726 nomine
1541 2652 1802 2754 designaverat
1908 2743 1914 2754 ,

214 2789 521 2861 Gaertnerus
547 2779 925 2898 (1.c.1.212.),poe
951 2783 1074 2884 reipsa
1100 2809 1180 2860 esse
1201 2779 1442 2887 cotyledones
1466 2781 1636 2882 geminas
1661 2781 1799 2864 luben·
1825 2817 1834 2822 ·

166 2905 178 2928 '
216 2929 271 2990 ter
303 2909 513 2990 Smithio
552 2907 976 3011 (Engl.Fl.Ill.141.)
1013 2911 1276 3006 concedimus,
1322 2935 1392 2984 neo
1424 2907 1550 3010 itaque
1582 2907 1708 2988 differt
1740 2913 1801 2994 bic

216 3040 373 3145 emhryo
407 3067 430 3114 a
465 3038 794 3144 Myriophylli
834 3038 1002 3140 plantula
1047 3040 1238 3136 seminali,
1286 3038 1359 3114 nisi
1400 3034 1570 3138 plumula
1603 3035 1679 3138 jam
1716 3059 1801 3122 ante
1924 3105 1931 3122 ,

216 3171 530 3272 germinationem
568 3169 740 3265 evoluta,
786 3166 954 3243 radicula
992 3170 1106 3248 simul
1141 3171 1298 3260 latente,
1350 3162 1457 3262 cujus
1494 3171 1724 3246 contrarium
1764 3174 1802 3250 in

212 3295 549 3401 Myriophyllo
578 3295 833 3372 observamus.
885 3299 1052 3400 Sapienti
1066 3293 1330 3376 hinceonsilio
1348 3307 1549 3394 utrumque
1572 3321 1690 3394 genus
1709 3323 1729 3374 a
1747 3299 1802 3378 Cl.

214 3425 441 3502 lussiaco
467 3423 506 3498 in
528 3427 660 3500 eodem
686 3425 818 3499 ordine
839 3422 1065 3502 collocatum
1086 3441 1152 3522 est,
1178 3425 1284 3529 quod
1304 3450 1407 3498 nune
1427 3449 1450 3498 a
1471 3421 1526 3499 Cl.
1542 3425 1571 3498 C
1580 3425 1801 3503 andollio

213 3553 412 3629 ordinibus
439 3553 612 3648 diversis,
639 3553 726 3628 licet
750 3551 823 3628 sibi
844 3557 1049 3655 proximis,
1082 3557 1260 3634 inseritur
1295 3551 1452 3653 (Prode.
1477 3565 1565 3654 syst
1589 3553 1681 3654 Veg.
1708 3557 1800 3652 ΙΙΙ.)Ι

217 3683 275 3758 Ex
302 3680 417 3756 altera
451 3697 558 3784 parte
594 3680 982 3788 Myriophyllum
1018 3683 1114 3762 adeo
1151 3685 1263 3760 affine
1300 3707 1380 3756 esse
1414 3681 1801 3780 Potamogetoni
1943 3681 1972 3786 γ’

212 3824 250 3887 et
285 3808 389 3885 caule
427 3823 463 3884 et
498 3812 621 3918 spica,
678 3829 720 3889 ut
757 3813 885 3891 demto
929 3842 1041 3908 sexu,
1084 3811 1192 3888 facile
1239 3810 1641 3908 Potamogetonis
1682 3839 1801 3911 genus

210 3939 389 4032 intraret,
424 3937 498 4038 jam
527 3940 619 4016 olim
644 3943 791 4018 monuit
824 3944 1069 4019 Linnaeus
1101 3939 1238 4039 (Prael.
1260 3941 1300 4016 in
1324 3937 1405 4014 ord.
1431 3949 1552 4022 natm.
1574 3943 1699 4033 322),
1733 3965 1802 4016 nec

210 4069 338 4172 minus
376 4071 604 4146 conveniunt
634 4068 736 4188 xhaee
770 4073 849 4148 duo
887 4099 1025 4176 genera
1064 4069 1194 4174 petalis
1240 4063 1549 4168 germinibusque
1597 4069 1801 4169 quaternis,

209 4196 374 4274 nucibus
399 4214 523 4274 autern
548 4197 793 4304 perispermio
818 4201 1022 4296 destitutis,
1055 4195 1256 4300 inquibus
1282 4192 1440 4298 embryo
1468 4195 1637 4270 inversus
1663 4192 1800 4272 haeret

210 4327 358 4405 Tamen
393 4328 743 4428 Potamogeton
779 4332 975 4408 manifeste
1008 4322 1396 4428 monoeotyledoneus
1431 4337 1485 4398 est
1495 4351 1506 4418 3
1557 4349 1635 4424 quo
1665 4322 1801 4396 iterum

212 4447 415 4550 docemur,
442 4452 674 4534 characteres
700 4485 744 4536 ex
773 4457 994 4562 cotyledone
1020 4458 1156 4562 petitos
1178 4479 1257 4531 non
1284 4479 1432 4553 semper
1459 4479 1537 4527 esse
1565 4449 1802 4526 naturalisei*

208 4605 305 4652 rnos.
345 4621 395 4638 -
447 4584 684 4660 Germinatio
728 4581 914 4664 caeterum
957 4587 996 4662 in
1042 4577 1382 4685 Myriopbyllo
1420 4580 1610 4679 spicato
1646 4581 1690 4654 L·
1727 4578 1834 4668 h00o

203 4708 327 4784 modo
353 4712 532 4812 procedit.
592 4715 625 4790 Ε
652 4717 804 4816 seminis
831 4713 911 4791 hilo
937 4714 1045 4792 filum
1074 4713 1246 4818 procedit
1272 4709 1545 4812 semipullicare
1571 4708 1804 4786 viridiuscu-
1870 4795 1876 4802 ⁸

1238 4837 1288 4914 ll
