4786 5996
839 513 1129 596 ..55-

187 705 477 806 enunciendnm.
530 703 697 784 Nomina'
723 701 825 780 bisce
850 703 986 782 tunicis
1008 730 1054 792 es
1079 715 1187 796 eunt,
1209 715 1252 778 ut
1269 717 1513 780 numerentur
1537 709 1780 808 procedendo

186 832 236 910 ab
259 836 506 918 exterioribus
533 863 664 918 susus
696 835 889 926 interiora,
920 846 957 908 et
986 847 1198 936 notaepro
1230 833 1385 936 singulis
1415 834 1687 936 distinguendis
1711 867 1781 941 pe-

185 977 317 1043 tuetur
349 964 407 1043 vel
433 965 585 1061 asloco,
605 965 727 1068 quem
751 962 908 1066 quaevis
937 975 1124 1066 .ocnnpat,
1151 961 1209 1040 rel
1243 989 1267 1038 a
1292 976 1484 1066 tempore,
1516 992 1594 1066 quo
1618 967 1780 1044 maxime

186 1089 337 1168 moiute
360 1107 436 1188 est,
464 1089 568 1176 v'clta
588 1091 888 1188 mutationibus,
914 1116 1011 1194 qnae
1037 1090 1109 1192 ipsi
1130 1090 1372 1192 contingunt
1433 1094 1562 1170 Primo
1591 1094 1717 1196 itaque
1742 1112 1780 1172 et

185 1220 976 1324 mondaov'sonmtreua'ffrimioe,
1013 1219 1289 1308 secundine
1313 1216 1469 1320 Mirb.)
1505 1249 1585 1298 uno
1620 1223 1780 1300 eodem·

98 1348 101 1356 '
182 1373 260 1452 ,que
287 1347 533 1430 effldr'oseunt.
550 1347 897 1457 tompors,'nempe
921 1346 1013 1424 dnm
1037 1347 1080 1432 in
1100 1347 1319 1450 primordiis
1344 1377 1458 1426 osum
1482 1365 1776 1456 nemetumque

185 1477 314 1582 elapso
334 1481 392 1570 ita
421 1485 465 1572 in,
486 1505 604 1560 unum
633 1480 876 1575 coalescunt,
908 1493 953 1554 nt
984 1477 1130 1556 mitum
1159 1492 1279 1554 restet
1315 1479 1563 1580 separationis
1598 1481 1777 1582 pristinae

185 1607 391 1710 vestigium.
443 1615 540 1687 Sunt
565 1623 690 1686 autern
715 1607 850 1685 ambae
876 1608 1019 1684 inuno
1045 1603 1255 1706 eodemque
1280 1621 1421 1708 puncto
1445 1607 1596 1710 perviae
1621 1607 1776 1686 ethaeo
1860 1611 1864 1618 ’

58 1771 61 1779 ·
184 1732 338 1838 quidem
370 1753 546 1840 apertura
569 1740 865 1836 (Exostome,
901 1734 1197 1810 Endostome
1233 1733 1386 1836 Mirb.)
1422 1736 1556 1838 primis
1582 1740 1774 1838 augmenti

183 1865 423 1970 temporibus
447 1867 495 1942 ad
516 1869 668 1942 'eertum
693 1891 815 1976 usqne
830 1955 834 1970 ,
848 1861 1043 1939 ambitum.
1059 1861 1255 1958 dhumr,
1294 1877 1427 1966 postea
1455 1876 1580 1940 tamen
1611 1879 1658 1940 se'
1675 1893 1776 1942 con·
1933 1910 1936 1921 ·

185 1995 313 2090 trabit,
335 2019 460 2100 usque
474 1996 574 2075 dum
591 1994 661 2076 ,ccl
679 1996 730 2072 in
752 1991 927 2070 ema
951 1990 1195 2094 perexiguum
1220 1989 1504 2094 (Micropyle
1530 1990 1635 2090 Hit.)
1652 1991 1774 2090 cheat,

182 2125 293 2230 qualo
317 2129 358 2202 in
381 2124 649 2230 Leguminos'ia
668 2123 886 2224 frequenter
920 2117 1187 2215 obsecramus,
1229 2116 1290 2196 vet
1326 2121 1486 2194 omnino
1528 2116 1774 2219 oblitteretur,

181 2255 287 2357 quod
321 2255 362 2332 io
388 2251 607 2330 numerosis
630 2249 846 2352 plantarum
883 2247 966 2324 ovis
998 2248 1145 2324 meidit.
1209 2253 1337 2350 Aegre
1362 2246 1517 2350 quidem
1549 2265 1675 2352 potest
1699 2253 1775 2328 ed·
1936 2269 1941 2280 ’

180 2385 296 2478 mitti,
325 2382 430 2485 quod
457 2378 687 2482 quibusdan
711 2374 875 2478 placuit,
907 2371 1006 2450 hene
1031 2391 1246 2480 apertorum
1272 2377 1494 2472 essuriem,
1520 2405 1598 2481 qua
1621 2377 1774 2482 pollinis

180 2511 334 2585 materie
361 2508 532 2610 proiifine
556 2505 606 2582 ad
627 2505 808 2582 interiora
827 2506 897 2584 ovi
919 2507 1074 2586 transit:
1110 2509 1283 2610 quisquis
1315 2521 1443 2582 temen
1467 2520 1523 2582 est
1564 2505 1644 2606 ejus
1669 2535 1773 2602 usus,

180 2662 257 2737 qua
281 2651 387 2738 purte
413 2658 529 2713 ovum
549 2650 605 2714 est
629 2635 845 2714 bocmodo
866 2639 1050 2740 pervium,
1073 2663 1169 2740 apex
1190 2637 1309 2740 ipsius
1329 2635 1445 2712 adest.
1496 2637 1625 2712 Tertia
1646 2664 1775 2714 mem·-

179 2761 301 2840 brane
332 2766 551 2866 (Tertium
578 2765 732 2866 Mirb.)
757 2768 798 2840 in
824 2763 1036 2868 primordio
1064 2765 1178 2839 refert
1203 2761 1361 2866 globum
1397 2762 1457 2842 vel
1486 2789 1627 2838 conum
1654 2762 1774 2840 celiu-

180 2889 307 2980 losum
327 2893 490 2970 solidum
514 2887 731 2997 (Nouello
754 2897 921 2993 Mirb.),
940 2892 1052 2994 cujus
1074 2919 1163 2996 pers
1185 2903 1372 2969 attenuate
1395 2918 1418 2991 e
1440 2893 1625 2968 foramine
1651 2893 1783 2970 modo'

178 3018 368 3121 descripto
390 3022 476 3124 pius
496 3026 668 3104 minusve
694 3027 902 3130 prominet,
928 3025 1019 3102 dum
1036 3021 1174 3098 obtuse
1192 3022 1271 3122 rjus
1296 3025 1511 3100 extremitas
1535 3049 1626 3103 vasa
1645 3050 1772 3100 mem-

176 3144 341 3224 branam·
350 3190 360 3204 ··
370 3155 590 3233 exteriorem
626 3169 826 3261 utramque
845 3153 1090 3260 perforantia
1130 3153 1267 3254 exeipit
1275 3181 1286 3247 3
1334 3152 1401 3255 qni
1454 3151 1608 3254 quidem
1650 3149 1771 3246 locus,

177 3275 391 3364 Chelone
413 3282 679 3361 Gaertnero
701 3287 846 3380 dictus,
867 3279 931 3374 ori
963 3281 1074 3358 besin
1103 3281 1307 3354 constituit
1359 3282 1653 3384 Quamprimum
1678 3273 1768 3358 vero

175 3403 362 3482 clausum
379 3401 610 3506 erundum,
641 3411 735 3490 baec
775 3439 898 3490 massa
927 3435 1087 3488 coenose
1124 3408 1420 3486 destructionem
1442 3409 1538 3486 telee
1554 3419 1652 3486 ‘suec
1676 3437 1770 3486 een-

177 3533 281 3610 tralis
308 3529 413 3610 subit
444 3551 482 3612 et
515 3537 589 3614 bne
616 3543 734 3616 modo
768 3545 808 3618 in
839 3533 1098 3618 membranum
1128 3541 1276 3616 tertiam
1311 3536 1415 3614 iliam
1448 3551 1633 3634 mutatur,
1671 3565 1769 3642 qnae

175 3677 303 3739 tamen
333 3668 464 3746 statim
491 3668 627 3744 iterum
655 3669 714 3748 rel
737 3670 896 3746 omnino
922 3669 1140 3762 resolvitur,
1168 3667 1225 3749 vel
1255 3663 1486 3742 membranis
1520 3666 1782 3746 exterioribus

153 3819 216 3867 ,se
243 3793 416 3895 adplicat.
485 3799 635 3876 Caritas
666 3797 755 3874 inde
787 3800 828 3874 in
861 3823 936 3878 ovo
968 3794 1152 3900 exsurgit,
1187 3794 1294 3895 cujus
1331 3809 1499 3897 partem,
1534 3792 1766 3874 incremento

174 3922 333 4000 ulterius
364 3927 612 4025 procedente,
644 3927 696 4002 ita
729 3940 1055 4029 occupatquarta
1081 3925 1333 4026 (Quartino
1363 3921 1536 4020 Mirb.),
1575 3935 1617 3998 ut
1645 3951 1672 4000 a
1693 3951 1768 4027 pe·

176 4048 333 4128 rictibus
357 4057 438 4132 cavi
470 4057 619 4130 secedat
651 4055 847 4158 pellicula,
884 4081 981 4158 quae
1010 4055 1148 4130 sensim
1179 4053 1371 4128 crassescit
1405 4065 1442 4126 et
1473 4067 1645 4132 centrum
1677 4083 1768 4132 rer-

175 4205 241 4254 sus
276 4181 529 4258 extensionem
563 4211 669 4260 suam
704 4187 872 4286 adauget.
909 4179 1020 4260 ·Hoc
1043 4197 1222 4258 ¹centrum
1262 4207 1363 4258 vero,
1397 4182 1521 4284 ipsum
1557 4185 1765 4260 secundum

176 4309 264 4382 axin
290 4309 352 4384 ovi
378 4289 526 4386 extensa
547 4313 690 4392 insedit
714 4314 847 4416 quinte
871 4305 1119 4416 (Quintin'e
1140 4308 1309 4407 Mirb.),
1334 4308 1519 4414 siquidem
1545 4311 1617 4388 sub
1639 4316 1767 4388 forma
1833 4355 1838 4364 ·

173 4431 378 4537 cylindruli
402 4435 461 4516 rel
487 4443 643 4520 tuniculi
672 4445 798 4546 primo
828 4443 871 4518 in
898 4455 1140 4542 conspectum
1173 4441 1294 4516 venit:
1341 4437 1432 4514 dunc
1477 4465 1567 4514 sero
1594 4439 1634 4514 in
1660 4441 1765 4514 omni

172 4563 389 4660 diametro,
414 4571 639 4672 praeprimis
661 4585 788 4650 tamen
813 4575 852 4648 in
878 4566 1114 4648 transverseli
1137 4569 1281 4660 crescit,
1306 4568 1371 4644 tali
1397 4571 1437 4643 in
1462 4580 1664 4667 augmento
1692 4565 1766 4640 nli-

171 4705 254 4786 ter,
280 4717 394 4796 quarn
421 4713 575 4800 quarta,
602 4725 738 4803 nempe
764 4715 938 4778 acentro
959 4703 1007 4780 ad
1029 4703 1388 4792 cucumserentiam,
1410 4695 1590 4800 procedit.
1653 4699 1767 4774 Testa
