4786 5996
839 595 898 615 ....
963 557 1019 641 ffl
1077 599 1135 620 .-

197 749 398 854 Papareris
423 747 529 825 haud
553 745 697 824 excedit
719 745 823 849 (rig.
847 760 967 824 nostr.
988 747 1061 848 7.),
1093 746 1126 824 si
1149 745 1402 842 examinetur,
1428 773 1448 823 e
1476 747 1617 852 duplici
1644 769 1792 854 constat

196 876 440 972 membrana,
478 903 593 980 quam
616 874 725 951 liceat
748 886 940 951 externam
964 889 1078 978 atque
1103 877 1288 952 internam
1317 901 1454 955 vocare
1486 880 1590 980 (Fig.
1618 896 1736 960 nostr.
1754 899 1792 973 8.

195 1007 312 1103 ti),
337 1005 511 1081 exteriori
538 1001 1022 1104 nebuloso-transparente
1049 1007 1292 1102 flavescente,
1313 999 1492 1081 ¹interiori
1519 1009 1682 1108 perfecte
1704 1009 1792 1114 pel·-

194 1133 342 1231 lucida,
384 1134 591 1234 eademque
625 1128 765 1235 coloris
798 1133 949 1235 experti.
1019 1134 1090 1210 His
1115 1134 1155 1209 in
1181 1159 1275 1214 cavo
1306 1131 1406 1212 ovali
1436 1133 1644 1212 includitur
1668 1164 1793 1216 massa

195 1260 375 1365 pulposa,
396 1261 519 1336 lucem
542 1275 669 1336 tamen
694 1261 784 1338 satis
809 1259 906 1338 benc
931 1261 1209 1358 transmittens,
1235 1287 1335 1366 quae
1361 1265 1558 1341 cavitatem
1584 1263 1690 1340 ultro
1708 1291 1790 1342 non

195 1389 344 1488 videtur
373 1389 577 1464 continere.
608 1431 663 1450 -
713 1389 755 1464 Si
784 1417 904 1492 porro
936 1391 1010 1467 llos
1041 1389 1179 1466 iterum
1213 1388 1361 1466 clausus
1384 1406 1470 1490 est,
1514 1391 1638 1494 petala
1665 1406 1790 1469 mmen

195 1517 362 1596 colorem
383 1519 506 1596 adhuc
533 1533 703 1614 servant,
733 1519 1074 1620 staminumatque
1101 1520 1285 1620 stigmatis
1308 1519 1599 1624 deliquescentia
1624 1523 1790 1597 foecun-

196 1648 390 1725 dationem
416 1647 478 1724 rix
504 1662 702 1749 peractam,
724 1649 913 1744 indicant;
949 1673 1104 1750 germen
1131 1659 1221 1722 tunc
1248 1645 1367 1750 duplo
1393 1675 1509 1751 quarn
1537 1663 1646 1724 antea
1667 1675 1788 1750 gran-

96 1875 102 1888 ·
196 1776 281 1853 dius
305 1779 467 1870 lactum,
492 1773 605 1854 ovula
629 1776 797 1852 continet
821 1774 937 1852 dilute
960 1801 1091 1874 rosea,
1110 1775 1372 1876 magnitudine
1397 1778 1584 1852 seminum
1610 1777 1788 1880 Sinapios
1813 1827 1818 1854 .

160 1919 164 1926 “
196 1906 298 2007 (rig.
320 1919 440 1982 nostr.
459 1905 521 2004 9.).
581 1903 732 1980 Horum
757 1901 948 2005 singulum
969 1905 1225 2004 microscopio
1246 1900 1457 2002 subjectum
1480 1903 1520 1979 in
1544 1929 1639 1984 caro
1662 1927 1787 1980 mem-

195 2029 316 2110 brana
348 2033 517 2110 interiori
547 2032 752 2129 concluso,
795 2033 1005 2135 eodemque
1040 2057 1143 2110 nunc
1173 2030 1371 2132 insigniter
1402 2029 1580 2126 dilatato,
1622 2053 1786 2108 massam

60 2252 64 2261 ι
196 2165 364 2240 continet
387 2162 633 2264 galatinesam
661 2165 764 2266 (Fig.
793 2177 911 2238 nostr.
935 2179 993 2247 10.
1005 2188 1052 2263 .p.
1070 2164 1141 2256 e.),
1172 2155 1279 2256 cujus
1300 2147 1387 2238 axin
1417 2186 1441 2236 a
1467 2155 1550 2234 basi
1573 2156 1671 2236 ultra
1698 2181 1786 2234 me·
1916 2181 1921 2188 ·

199 2293 304 2370 dium
340 2319 460 2394 usque
491 2307 594 2368 tenet
618 2291 809 2370 funiculus
839 2317 860 2366 e
885 2289 996 2366 viridi
1019 2289 1224 2382 flavienus,
1259 2313 1375 2389 supra
1395 2281 1503 2362 basin
1525 2287 1565 2362 in
1589 2283 1787 2388 globulum

195 2417 519 2522 semipellucidum
539 2421 791 2497 intumescens
809 2418 914 2520 (rig.
936 2431 1053 2494 nostr.
1072 2433 1132 2503 10.
1152 2412 1219 2493 litt.
1233 2418 1310 2520 pt).
1361 2417 1508 2492 Rursus
1528 2414 1629 2489 idem
1645 2411 1787 2488 lustra·

193 2551 317 2628 vimus
342 2547 518 2642 ovatum,
543 2575 632 2624 cum
653 2553 799 2624 fructus
821 2544 933 2622 altius
953 2545 992 2620 in
1015 2545 1110 2620 flore
1136 2545 1391 2640 adscendens,
1425 2541 1699 2641 obscuriusque
1725 2539 1789 2618 vi-

168 2675 292 2750 .renti
317 2672 444 2748 eolore
472 2675 650 2771 indutus,
683 2673 805 2778 petala
831 2699 933 2750 nunc
962 2671 1139 2750 decolora
1165 2699 1210 2748 ac
1239 2673 1447 2751 diffluentia
1473 2663 1786 2772 supereminebat.

195 2799 380 2905 Pergebat
400 2801 493 2880 illud
513 2801 588 2878 boc
604 2817 777 2904 tempore
795 2803 894 2879 intra
916 2800 1164 2878 substantiam
1187 2801 1432 2904 gelatinosam
1450 2799 1584 2895 latere,
1609 2795 1788 2898 idemque

195 2931 441 3006 minutarum
468 2930 624 3008 mollitie
648 2921 947 3036 magnitudinem
969 2929 1135 3008 babebat
1152 2931 1304 3007 seminis
1323 2932 1431 3008 Anisi
1451 2928 1546 3033 (Fig.
1566 2939 1684 3004 nostr.
1699 2927 1788 3024 11·)‚

194 3056 383 3162 simulque
406 3059 573 3136 colorem
596 3087 755 3136 amoene
778 3057 1046 3142 rubicundum.
1097 3061 1272 3136 Sectione
1295 3087 1363 3164 per
1383 3057 1656 3160 longitudinem
1678 3056 1788 3150 sacta,

195 3185 416 3264 membrana
445 3202 605 3290 utraque
634 3202 676 3263 ut
702 3203 811 3264 antea
837 3184 1043 3290 apparebat
1065 3189 1167 3289 (Fig.
1191 3203 1309 3266 nostr.
1327 3195 1425 3290 12.):
1466 3213 1589 3264 massa
1625 3181 1789 3288 pulposa

195 3331 343 3414 autem,
367 3345 483 3420 quam
503 3345 607 3394 nunc
627 3317 916 3421 perispermium
939 3316 1098 3392 exterius
1119 3317 1309 3420 adpellare
1330 3319 1463 3412 liceat,
1489 3329 1565 3392 tam
1584 3315 1623 3389 in
1641 3309 1787 3414 ambitu
1819 3409 1823 3422 Ι

195 3446 340 3547 major,
376 3473 491 3549 quam
517 3473 548 3556 ‘a
574 3446 754 3549 depositis
786 3442 979 3558 particulis
1014 3444 1213 3522 farinaceis
1246 3448 1378 3524 durior
1414 3443 1622 3524 videbatur.
1686 3437 1788 3516 Glo-

193 3573 307 3652 bulus
330 3575 493 3676 denique
519 3575 560 3650 in
584 3572 785 3651 vesiculam
808 3575 1037 3647 intumuerat
1063 3575 1166 3674 (Fig.
1186 3581 1342 3671 nostr),
1376 3575 1437 3649 cui
1462 3569 1707 3676 perispermii
1722 3569 1786 3645 in·
1927 3609 1930 3620 ·

194 3705 345 3780 terioris
372 3703 630 3779 denominatio
656 3701 827 3802 apprime
853 3700 1039 3776 convenit.
1092 3703 1161 3778 Est
1185 3704 1286 3779 enim
1312 3704 1393 3807 ipsa
1419 3730 1440 3778 e
1468 3699 1609 3776 cellulis
1634 3699 1787 3788 minutia

194 3833 359 3909 conflata
378 3845 415 3907 et
434 3831 522 3908 satis
543 3845 804 3932 transparens,
831 3831 882 3908 ita
903 3844 945 3904 ut
966 3855 1035 3932 per
1057 3829 1176 3933 ipsius
1196 3831 1358 3934 parietes
1380 3826 1608 3906 transluceat
1627 3825 1786 3933 embryo

192 3961 467 4038 minutissimus
492 3957 716 4062 globulosus
743 3959 1081 4060 (Fig.nostr.13.),
1107 3971 1294 4036 cenerum
1319 3960 1486 4041 caritatis
1512 3957 1697 4034 vesiculae
1721 3982 1787 4033 re-

193 4086 322 4192 plente
349 4087 496 4190 liquore
527 4088 653 4166 amnii.
689 4127 744 4146 -
792 4088 935 4162 Fructu
969 4088 1090 4188 magis
1112 4084 1238 4162 adbuc
1260 4101 1392 4183 aucto,
1426 4083 1634 4162 seminibus
1660 4100 1786 4162 autem

190 4217 292 4296 Milli
318 4245 439 4320 grano
466 4219 544 4294 fere
569 4213 778 4315 majoribus
807 4215 907 4316 (Fig.
930 4229 1047 4292 nostr.
1065 4215 1166 4314 14),
1204 4217 1326 4318 iisque
1352 4215 1572 4294 durioribus
1596 4228 1633 4290 et
1657 4215 1792 4296 interra

188 4347 270 4424 sius
308 4343 553 4440 rubentibus,
594 4343 882 4446 periapermium
914 4343 1076 4422 exterius
1108 4373 1195 4422 eum
1223 4343 1478 4448 pelluciditatc
1502 4347 1648 4422 minuta
1674 4341 1785 4416 duri·

187 4475 282 4550 tietb
308 4474 430 4551 carnis
454 4476 663 4570 Pomorum
689 4471 864 4548 sortitum
887 4487 944 4549 est
965 4475 1069 4576 (Fig.
1092 4487 1209 4552 nostr.
1229 4479 1324 4570 15),
1350 4473 1507 4550 interius
1533 4485 1658 4548 autem
1684 4471 1784 4544 intra

189 4601 388 4678 cavitatem
415 4600 586 4678 similiter
611 4599 808 4686 adauctam
833 4601 939 4678 soret
961 4599 1210 4702 embryonem
1235 4603 1335 4702 (rig.
1361 4617 1480 4678 nostr.
1502 4607 1599 4698 16.)‚
1625 4625 1646 4673 e
1666 4596 1788 4674 sotio-

187 4727 416 4808 lisduobus
437 4725 843 4836 cotyledonisormibus
866 4727 1057 4808 hiantibus
1083 4743 1120 4806 et
1141 4729 1329 4834 gemmula
1356 4726 1524 4832 oblonga
1548 4741 1782 4806 constantem
