4786 5996
839 475 1011 560 ..ῃ
1068 517 1128 536 ...¹

110 741 115 748 ,
195 659 547 749 lluicdubitationi
581 665 713 745 exinde
745 693 925 768 magnum
959 669 1111 770 pondus
1144 666 1306 762 accedit,
1343 670 1448 772 quod
1474 671 1530 750 Cl.
1554 672 1624 750 Vir
1650 694 1778 752 marca

160 833 164 840 ·
193 795 458 894 Stratiotis
485 795 605 896 pingit
637 795 736 870 Milii
761 823 881 898 grano
905 827 984 874 non
1013 797 1134 896 majus
1160 797 1306 900 ipsique
1334 797 1463 874 tribuit
1489 799 1668 878 albumen
1694 832 1780 889 ma-

193 923 334 1000 ximam
362 925 526 1003 efficiens
552 922 675 998 nuclei
701 935 869 1024 partum,
908 954 996 1006 cum
1020 927 1228 1030 embryone
1255 927 1526 1024 minutissima3
1568 959 1664 1034 quae
1691 934 1781 1036 qui-

192 1051 282 1128 dem
317 1067 452 1128 cun'cta
478 1051 592 1128 aliter'
611 1079 651 1128 se
684 1049 897 1160 babentjin
928 1054 1134 1134 seminibus
1170 1055 1239 1130 rite
1268 1057 1476 1134 maturatis.
1533 1061 1679 1148 Harum
1707 1081 1781 1138 nos

190 1182 359 1291 aliquot,
401 1193 479 1259 una'
503 1207 593 1256 cum
616 1177 791 1282 pluribus
808 1183 997 1280 istarum,
1044 1209 1144 1285 quas.
1165 1200 1254 1261 mox
1280 1209 1559 1286 proponemus,
1597 1185 1782 1266 obsecra-

188 1313 342 1390 tionum
382 1309 912 1406 amicissimoflorlrelio,
972 1310 1183 1394 Professori
1229 1311 1331 1410 apud
1374 1313 1636 1393 Berolinenscs
1681 1313 1782 1390 cele-

188 1435 379 1534 hercinia,
421 1437 614 1514 debemus.
676 1438 998 1542 CapSulae'atque
1024 1440 1210 1517 seminum
1233 1443 1397 1519 sormam
1420 1456 1612 1516 externam
1639 1443 1780 1546 optime

187 1564 406 1668 descripsit,
445 1569 607 1672 fidisque
644 1567 821 1645 iconibus
846 1571 978 1646 eximie
1006 1569 1202 1648 illustravit
1233 1571 1289 1648 Cl.
1311 1569 1454 1648 Nolte
1487 1569 1535 1671 (l.-
1556 1597 1587 1644 c.
1613 1585 1673 1658 38.
1696 1583 1720 1646 t.
1747 1588 1780 1658 1.

189 1692 426 1791 s.14.15.):
473 1698 575 1772 unde
605 1711 785 1800 apparet,
831 1725 960 1776 semen
993 1717 1184 1778 maturum
1218 1725 1296 1776 esse
1331 1697 1549 1800 quadruplo
1580 1699 1777 1798 grandius,

190 1851 307 1927 quam
331 1826 484 1928 quidem
511 1855 534 1904 a
558 1830 827 1904 Gaertnero
853 1829 1061 1908 exhibetur.
1112 1833 1182 1906 Est
1206 1829 1299 1906 illud
1325 1827 1554 1922 brunneum,
1582 1827 1621 1899 in
1643 1852 1781 1928 super·

188 1953 273 2028 ficia
309 1981 491 2054 rugosum
524 1969 561 2030 et
597 1955 767 2031 funiculo
801 1956 1045 2056 brevissimo,
1087 1959 1336 2037 crassiusculo
1367 1954 1554 2031 adhaeret.
1613 1951 1675 2030 Ab
1708 1955 1780 2036 ista

189 2095 316 2158 autem
341 2080 423 2157 basi
450 2083 594 2182 apicem
621 2108 750 2158 uersus
776 2083 864 2162 bino
890 2087 1055 2164 decurrit
1080 2087 1177 2164 linea
1204 2087 1344 2164 eleuata
1366 2111 1518 2188 aspera,
1556 2113 1625 2161 nec
1652 2098 1778 2162 tamen

190 2211 337 2311 apicem
360 2209 512 2310 attingit
534 2209 629 2310 (Fig.
651 2225 770 2288 nostr.
789 2220 878 2312 48.)
928 2220 1229 2317 integumentum
1255 2213 1415 2288 exterius
1441 2226 1676 2286 crustaceum
1703 2213 1778 2288 du-

189 2365 300 2432 rum,
338 2339 501 2424 interius.
521 2337 852 2420 membranaceum
884 2371 928 2420 ac
961 2347 1122 2448 perfecte
1157 2361 1421 2446 transparens,
1461 2342 1512 2416 ita
1545 2356 1587 2416 ut
1619 2337 1777 2444 embryo

188 2464 397 2540 secundum
425 2492 557 2542 omnes
594 2493 682 2544 suas
718 2485 844 2570 partes
879 2471 1069 2572 perluceat
1110 2473 1209 2574 (Fig.
1235 2485 1352 2546 nostr.
1376 2487 1438 2564 49.
1466 2467 1553 2566 50.).
1579 2469 1710 2544 ¹Idem
1737 2468 1778 2543 in

188 2593 375 2695 superiori
405 2595 558 2670 seminis
593 2597 822 2674 extremitate
853 2597 1039 2674 maculam
1069 2597 1184 2674 habet
1208 2595 1459 2673 orbicularem
1493 2601 1658 2690 luscam,
1697 2625 1775 2700 quo

189 2719 276 2798 loco
300 2717 509 2797 substantia
526 2721 636 2822 ejus,
671 2751 786 2826 quam
808 2727 959 2804 vascula
985 2729 1138 2803 nutritia
1162 2739 1375 2829 perreptare
1403 2723 1595 2818 ridentur,
1628 2726 1778 2802 incras-

192 2863 271 2926 sata
303 2863 359 2924 est
396 2864 432 2924 et
465 2849 601 2925 cuculli
636 2853 799 2954 speciem
833 2857 993 2950 format,
1034 2883 1112 2958 quo
1142 2853 1266 2930 nuclei
1301 2881 1395 2956 apex
1430 2855 1640 2955 contegitur
1672 2854 1775 2956 (Fig.

189 2993 306 3053 nostr.
326 2982 411 3074 51.).
463 2979 762 3055 Gaertnerus
789 2981 916 3085 etqui
941 3009 1026 3058 eum
1052 2969 1282 3085 sequuntur,
1309 2981 1427 3057 hocce
1449 3007 1588 3082 eorpus
1615 2981 1775 3076 fuscum,

186 3135 267 3211 quo
301 3105 388 3180 loco
421 3130 598 3181 vasorum
632 3106 830 3182 fasciculus
863 3137 930 3211 per
962 3110 1097 3186 lineam
1125 3111 1305 3188 elevatam
1338 3107 1570 3184 adscendens
1595 3109 1775 3184 interiora

187 3253 317 3340 petere
354 3233 521 3328 videtur,
562 3233 736 3316 chalazae
770 3239 926 3312 nomine
960 3239 1262 3341 designaverunt.
1322 3235 1449 3312 Altera
1485 3263 1637 3339 quoque
1663 3235 1775 3336 bujus

187 3363 436 3465 integumenti
462 3363 694 3457 extremitas,
735 3391 811 3465 qua
837 3367 1027 3442 funiculus
1053 3367 1249 3458 inseritur,
1287 3364 1616 3465 punctumhabet
1650 3367 1773 3442 nriuus

184 3511 448 3594 transparem,
476 3489 513 3560 in
543 3489 720 3590 papillam
747 3492 1012 3591 incrassatum,
1034 3521 1103 3570 uec
1129 3509 1254 3568 tamen
1280 3491 1479 3580 hocloco,
1507 3507 1548 3568 ut
1571 3494 1774 3572 certissime

187 3623 453 3712 adfirmamus,
486 3617 594 3692 adest
619 3618 789 3695 foramen
816 3621 1037 3726 (micropyle
1056 3622 1131 3726 T.),
1163 3620 1227 3696 sed
1256 3622 1418 3724 perfecta
1444 3619 1652 3698 substantia
1677 3649 1775 3698 con·

187 3753 343 3829 tinuitas
369 3747 534 3849 regulam
562 3761 660 3825 vetat
687 3753 999 3828 conformationis
1024 3751 1242 3844 admittere,
1278 3749 1380 3826 aCl.
1407 3751 1634 3827 Brownio
1661 3751 1774 3828 nimis

187 3879 449 3958 universaliter
476 3905 699 3982 expressam.
760 3881 924 3958 Nucleus
956 3879 1089 3957 semini
1122 3880 1350 3972 conformis,
1391 3907 1414 3955 a
1447 3878 1530 3954 solo
1566 3879 1774 3986 embryone

184 4011 393 4102 formatur,
434 4037 503 4087 nec
534 4012 768 4115 perispermii
798 4009 916 4084 ullum
953 4009 1058 4086 adest
1083 4012 1290 4112 uestigium.
1349 4012 1424 4083 Istc
1458 4009 1618 4084 omnino
1648 4024 1772 4088 rectus

186 4158 264 4237 est,
306 4141 498 4242 ipsiusque
523 4143 615 4216 situs
639 4153 803 4232 erectus,
844 4139 895 4212 ita
921 4137 1075 4238 quidem
1100 4157 1144 4216 ut
1165 4139 1334 4216 radicula
1358 4137 1527 4213 suniculo
1554 4136 1771 4229 umbilicali,

187 4268 427 4375 cotyledonis
460 4283 583 4344 autem
617 4297 711 4373 apex
737 4269 909 4346 chalazae
943 4269 1170 4370 respondeat
1202 4271 1303 4370 (Fig.
1329 4282 1445 4342 nostr.
1474 4265 1562 4364 50.).
1614 4269 1773 4342 Constat

186 4425 208 4474 e
235 4395 404 4474 radicula
431 4401 715 4474 ovato-conica
741 4397 876 4474 obtusa
903 4411 939 4472 et
965 4395 1186 4502 cotyledone
1211 4397 1429 4488 semitercti,
1460 4422 1503 4470 ea
1530 4410 1655 4468 tamen
1679 4391 1772 4492 lege,

188 4541 233 4602 ut
266 4525 434 4602 radicula
467 4554 582 4602 unam
622 4543 794 4629 quartam
841 4528 958 4602 modo
997 4529 1110 4602 totius
1152 4526 1399 4627 longitudinis
1435 4538 1579 4624 partem
1613 4535 1772 4619 occupet

183 4657 283 4756 (rig.
309 4669 426 4731 nostr.
449 4651 552 4757 52).
588 4654 666 4732 Ubi
690 4672 816 4732 autem
841 4655 1007 4732 radicula
1032 4655 1182 4758 incipit,
1208 4678 1355 4756 gemma
1377 4652 1515 4724 inserta
1538 4664 1594 4724 est
1620 4663 1656 4723 et
1680 4639 1795 4722 lou-·¹
