4786 5996
1223 575 1516 660 -aa-
1801 580 1812 632 r

574 797 675 847 novo
718 769 875 844 nomine
901 767 1062 866 salutet.
1126 767 1345 846 Mirandum
1388 772 1514 874 itaque
1548 785 1625 866 cst,
1660 773 1739 875 qui
1763 773 1955 878 potuerint
1995 771 2051 848 Cl.
2092 773 2172 849 Viri

576 899 802 991 Wulfen,
840 897 1097 998 Sprengel‚
1134 898 1394 975 Ledebour
1427 927 1514 975 cum
1547 899 1629 978 aliis
1653 904 1761 1006 sequi
1787 902 2082 995 Gmelinum‚
2108 901 2176 1003 qui

573 1033 644 1135 (ΕΙ.
682 1018 796 1106 Sibir.
834 1028 864 1100 1.
902 1028 1003 1124 208.)
1040 1029 1299 1103 Linnaeanam
1334 1028 1377 1101 Β.
1423 1027 1804 1122 ranunculoidis
1834 1029 1992 1132 phrasin
2025 1031 2175 1135 plantae

574 1160 773 1263 imposuit,
801 1183 824 1230 a
850 1181 889 1229 se
915 1155 955 1229 in
982 1153 1121 1230 Sibiria
1146 1153 1280 1251 lectae,
1317 1183 1413 1258 quae
1436 1171 1516 1232 tota
1549 1172 1690 1234 statura
1724 1156 1773 1234 ab
1799 1157 1884 1256 illa,
1916 1187 2033 1263 quam
2059 1162 2176 1237 Lin-

576 1316 723 1368 naeus
749 1283 933 1386 intelligit,
957 1309 1129 1384 quaeque
1146 1281 1366 1386 Pyrenaeos
1393 1313 1437 1361 ac
1461 1283 1664 1386 Helvetiae,
1687 1287 1810 1367 rarius
1835 1304 1960 1365 autem
1983 1287 2177 1388 Rhaetiae,

576 1420 679 1524 alpes
704 1413 855 1510 incolit,
882 1410 1028 1486 diversa
1054 1423 1119 1484 est.
1170 1413 1273 1488 Haec
1298 1412 1409 1490 nobis
1432 1415 1538 1490 audit
1881 1405 1883 1408 ⁵

692 1669 988 1774 Bupleurum
1026 1693 1304 1762 nervosum,
1356 1667 1510 1772 ejusque
1550 1669 1745 1749 character
1783 1673 1981 1778 specificas
2023 1685 2096 1748 est:
2132 1673 2175 1749 Β.

581 1803 686 1880 caule
724 1799 913 1875 declinato
949 1821 1127 1887 ramos03
1165 1793 1229 1868 sol.
1266 1794 1442 1896 oblongis
1478 1801 1788 1901 septemncrviis,
1807 1801 1965 1879 caulinis
1995 1799 2180 1894 cordatin

583 1928 820 2008 inuolucellis
863 1929 985 2002 oratis
1023 1924 1229 2000 umbellula
1270 1925 1518 2027 longioribus.
1546 1969 1598 1988 --
1639 1927 1763 2004 Radix
1795 1926 1948 2006 biennis
1974 1956 2095 2005 unum
2121 1924 2181 2036 rel

583 2061 727 2162 aliquot
753 2056 830 2130 edit
852 2055 976 2131 caules
1003 2055 1080 2131 bi·
1106 2055 1153 2129 ad
1176 2033 1375 2166 tripedales
1403 2051 1642 2150 declinatas,¹
1658 2071 1964 2155 exacteteretes,
1993 2056 2181 2162 glaberri-

581 2215 687 2281 mos,
719 2210 806 2258 rore
828 2183 962 2285 glauco
989 2155 1212 2286 adspersos,
1238 2182 1520 2278 subllexuosqs,
1558 2186 1856 2281 ramosissimos‘3
1893 2186 2053 2272 remise
2079 2210 2180 2287 qua-

581 2313 674 2392 libet
707 2310 816 2388 axilla
836 2311 1125 2415 ,prodeuntibus
1148 2312 1392 2415 patentibus,
1417 2313 1562 2389 caulem
1583 2312 1808 2416 primarium
1835 2313 2032 2390 altitudine
2057 2315 2176 2390 adae-

583 2438 799 2548 quantibus.
850 2439 958 2516 Folia
984 2441 1161 2515 radicalia
1187 2443 1285 2518 inter
1307 2443 1516 2544 ,palmarem
1543 2459 1580 2518 et
1610 2441 1780 2544 pedalem
1811 2439 2086 2542 longitudinem
2113 2439 2179 2517 lu·-

585 2576 692 2667 dunt,
718 2583 881 2672 suntque
908 2567 1098 2670 oblonga,
1134 2572 1284 2647 unciam
1312 2572 1406 2666 lata,
1452 2584 1579 2664 acuta,
1616 2569 1724 2644 basin
1756 2593 1885 2646 versus
1922 2582 2116 2644 attenuata·
2141 2582 2178 2645 et

583 2707 634 2779 ita
658 2703 696 2778 in
723 2697 903 2802 petiolum
935 2695 1074 2774 alatum
1106 2697 1304 2796 abeuntia,
1342 2697 1476 2778 subtus
1516 2699 1737 2803 pallidiora,
1763 2701 1840 2770 nec
1868 2695 2177 2797 tamenglauca,

585 2830 714 2932 ibique
739 2829 864 2902 nervis
890 2842 1032 2929 septem
1058 2827 1366 2930 prominentibus
1390 2828 1586 2930 insignita,
1620 2827 1741 2902 firma.
1804 2824 1911 2900 Folia
1939 2822 2085 2900 caulina
2110 2851 2178 2903 ra-

584 2957 768 3036 dicalibus
800 2956 960 3051 similia,
999 2959 1213 3059 pariterque
1250 2961 1543 3059 septemnereia‚
1586 2959 1651 3034 sed
1688 2953 1771 3030 basi
1805 2953 1999 3052 insigniter
2024 2952 2173 3028 dilatata
2271 2928 2276 2937 ⁴

583 3093 732 3194 hacque
762 3086 907 3162 caulem
946 3083 1242 3190 amplectentim
1293 3087 1489 3164 Umbellae
1531 3085 1746 3164 terminales
1779 3079 2052 3158 multiradiatae
2089 3098 2174 3156 ante

585 3213 854 3321 expansionem
893 3229 1037 3290 nutant.
1105 3205 1348 3293 Involricrum
1385 3199 1698 3328 subtripliyllum,
1738 3210 1878 3289 foliolis
1917 3207 2176 3310 inaequalibus

583 3347 767 3424 distinctis
777 3374 787 3439 3
827 3341 1052 3419 involucella
1098 3344 1338 3448 pentaphylla
1372 3344 1559 3446 eleganter
1584 3343 1701 3436 lutea,
1735 3340 1875 3418 foliolis
1910 3336 2174 3416 subrotundo-

584 3477 704 3553 ovatis
724 3471 970 3564 acuminatis,
997 3469 1202 3545 umbellula
1229 3471 1347 3574 duplo
1383 3471 1629 3574 longioribus.
1687 3470 1818 3546 Flores
1843 3484 1887 3544 ut
1918 3468 1958 3542 in
1990 3482 2070 3544 toto
2104 3495 2174 3569 ge-

581 3629 682 3681 nere.
733 3604 893 3674 Fructus
920 3595 1074 3698 elliptici
1098 3598 1322 3700 acutanguli.
1359 3645 1413 3660 -··
1446 3602 1548 3675 Haec
1574 3614 1628 3676 est
1665 3597 1867 3700 descriptio
1900 3595 2048 3698 plantae
2081 3597 2177 3676 hor-

582 3730 719 3820 tensis,
753 3753 867 3827 quam
901 3752 922 3799 e
951 3725 1158 3800 seminibus
1195 3725 1267 3802 sub
1305 3735 1459 3803 nomine
1492 3727 1706 3830 “Bupleuri
1728 3753 1748 3802 e
1772 3723 1965 3800 montibus
1988 3726 2172 3804 Altaicis”

585 3855 634 3934 ab
664 3854 808 3956 optimo
835 3853 1070 3929 Fischero
1098 3855 1221 3930 missis
1247 3856 1335 3930 inde
1361 3854 1409 3932 ab
1437 3883 1469 3929 a.
1508 3863 1619 3943 1826.
1643 3857 1682 3930 in
1708 3853 1821 3929 horto
1848 3852 1927 3929 bot.
1954 3845 2170 3934 Wratisla-

585 3984 703 4062 riensi
723 3977 940 4075 'coluimus3
975 3981 1166 4082 specimen
1202 3979 1452 4086 spontaneum
1478 3982 1527 4058 ab
1561 3983 1719 4059 amiciss.
1753 3983 2065 4063 Ledebourio
2100 3987 2171 4066 sub

584 4111 740 4188 nomine
765 4107 900 4182 Florae
928 4108 1095 4184 Altaicae
1128 4113 1183 4210 (B.
1217 4113 1573 4216 ranunculoid.)
1603 4114 1940 4209 communicatum,
1966 4117 2173 4194 secundum

585 4265 718 4317 omncs
748 4251 870 4339 partes
894 4236 1013 4311 multo
1049 4241 1202 4340 quidem
1229 4255 1286 4314 est
1313 4243 1457 4335 miuus,
1496 4255 1622 4318 tamen
1659 4241 1890 4322 characteres
1927 4243 2085 4324 anobis
2111 4249 2175 4323 in-

584 4367 759 4470 digitatos
784 4364 940 4470 ⁴liquide
966 4384 1162 4445 monstrat.
1197 4411 1243 4426 -
1282 4371 1340 4444 Ex
1362 4369 1420 4446 his
1450 4388 1576 4474 patere
1607 4371 1854 4466 arbitramur,
1887 4375 2048 4475 speciem
2077 4375 2174 4454 hanc

583 4498 713 4596 nupt
744 4497 1118 4574 ranunculoidis
1141 4501 1296 4574 nomine
1322 4526 1400 4574 non
1428 4526 1539 4602 posse
1565 4500 1738 4596 salutari,
1766 4527 1844 4579 csse
1870 4504 1997 4604 potius
2022 4518 2099 4580 tam
2126 4505 2173 4583 ab

581 4625 657 4700 hoc
686 4627 920 4718 distinctam,
955 4653 1068 4728 quam
1091 4653 1113 4702 a
1139 4631 1182 4702 Β.
1206 4626 1444 4742 angulosq
1469 4643 1504 4703 ct
1526 4633 1568 4704 B.
1594 4628 1883 4732 longifolio‚
1910 4632 2049 4734 quibus
2078 4664 2171 4737 pro-
2285 4687 2288 4693 -

582 4755 668 4857 pius
694 4757 854 4852 accedit,
881 4783 1053 4860 quaeque
1079 4758 1176 4834 inter
1203 4757 1367 4836 medium
1393 4759 1678 4860 quodammodo
1705 4775 1814 4836 tenet.
1866 4763 1901 4836 Α
1932 4763 2051 4864 priori
2078 4767 2175 4842 enim
