4786 5996
1270 505 1559 586 ...56-

624 703 776 782 srminis
808 698 945 774 maturi
980 722 1128 799 semper
1159 721 1181 770 a
1208 696 1335 774 tunica
1359 700 1483 802 prima
1507 696 1553 772 ac
1578 696 1743 776 secunda
1766 699 1911 778 coalitis
1948 702 2210 805 proficiscitur,

626 831 761 936 quibus
785 845 910 905 tamen
932 823 1093 912 subinde
1113 824 1225 900 etiam
1246 827 1355 900 tertia
1374 827 1509 944 etipsa
1529 841 1662 928 quarta
1681 854 1720 905 se
1742 827 1963 933 adjungunt
2015 833 2211 934 Perispcr-

625 963 743 1036 mium
769 956 990 1056 (Albumen)
1023 979 1114 1032 uero
1140 967 1264 1028 ortum
1291 953 1513 1057 plerumque
1538 953 1654 1034 ,debet
1679 957 1853 1062 quintae,
1890 959 2013 1034 rarius
2043 975 2212 1062 quartae,

623 1091 813 1166 rarissime
838 1087 989 1178 tertiae3
1027 1082 1140 1182 idque
1166 1082 1361 1184 materiae·¹
1377 1081 1575 1159 nutrientis
1601 1109 1695 1184 ope,
1732 1107 1842 1188 quac,
1861 1083 1935 1166 s'ub
1967 1089 2215 1188 graculorum

624 1223 750 1297 forma
773 1222 814 1294 in
847 1217 1014 1317 ipsarum
1038 1207 1189 1284 cellulas
1214 1209 1425 1310 deponitur.
1483 1210 1715 1316 Emb‘ryonis
1745 1213 1899 1291 undem
1924 1218 2082 1292 orientis
2103 1218 2210 1295 s'edes

625 1331 853 1425 constanter·
880 1352 935 1418 est
960 1335 1182 1414 membrana
1206 1335 1360 1430 intima,
1384 1334 1469 1414 licet
1498 1325 1728 1440 fieri'possit
1742 1356 1792 1416 ,et
1807 1338 1916 1424 haud
1945 1345 2099 1446 quidem
2124 1371 2213 1425 raro

625 1474 789 1566 accidat,
820 1484 862 1546 ut
886 1470 968 1570 ipsa
997 1464 1073 1540 boc
1104 1478 1298 1564 tempore,
1334 1491 1412 1568 quo
1446 1465 1861 1574 embryoincrementa
1887 1474 2021 1577 capit,
2044 1472 2121 1572 ja·
2152 1473 2213 1556 uel

625 1617 724 1700 tota,
751 1598 809 1686 rel
835 1623 905 1701 pro
928 1607 1034 1698 parte
1058 1590 1190 1672 saltem
1217 1593 1265 1670 sit
1288 1593 1485 1672 destructa.

740 1864 844 1938 Haec
872 1871 926 1934 est
950 1881 1098 1934 summa
1125 1851 1431 1934 observationum
1460 1858 1515 1936 cl.
1544 1858 1649 1957 Viri,
1676 1859 1816 1962 quibus
1849 1856 1987 1954 multa,
2016 1883 2113 1960 quae
2139 1857 2214 1957 jam

626 1994 882 2083 innotuerant,
905 1988 1197 2082 confirmantur,
1221 2015 1300 2062 non
1323 2016 1445 2090 pauca
1468 2004 1593 2066 tamen
1624 1985 1968 2090 hucusqueiignota
1988 2015 2217 2090 proponun-

627 2137 708 2215 tur;
734 2142 812 2220 quo
839 2116 999 2189 maxime
1033 2115 1229 2189 reserenda
1255 2129 1310 2191 est
1342 2113 1521 2192 historiae
1547 2115 1610 2195 ovi
1653 2116 1939 2218 vegetabilisea
1971 2116 2217 2218 pars'adhuc
2321 2101 2331 2112 ⁸

629 2273 786 2353 prorsus
812 2241 973 2338 inculta,
998 2269 1094 2346 quae
1118 2242 1343 2320 mutationes
1368 2245 1539 2346 respicit,
1575 2244 1649 2346 ipsi
1673 2245 1763 2320 inde
1788 2272 1812 2321 a
1835 2243 1961 2347 prima
1982 2244 2217 2347 adparitione

629 2377 679 2452 ad
702 2372 1031 2451 foecundationcm
1057 2396 1177 2475 usque
1207 2373 1476 2471 contingentes.
1527 2375 1624 2447 Utut
1656 2388 1783 2448 tamen
1815 2370 1934 2450 hocce
1968 2387 2124 2451 naturae
2149 2399 2219 2474 gez

628 2508 795 2582 nerontis
821 2528 917 2604 opus
942 2499 1260 2603 contemplatione
1282 2503 1540 2604 dignissimum
1558 2504 1624 2596 sit,
1651 2501 1768 2577 satius
1792 2501 1921 2603 utique
1943 2501 2102 2596 videtur,
2128 2529 2217 2576 mu·

629 2637 813 2709 tatianum
839 2632 994 2706 istarum
1021 2630 1155 2704 seriem
1184 2628 1332 2706 abillis
1366 2658 1522 2733 prorsus
1556 2615 1812 2732 distinguere,
1840 2654 1936 2730 quae
1962 2627 2051 2706 inde
2083 2656 2106 2704 a
2133 2631 2216 2708 sue-

629 2759 857 2848 cundatione
881 2755 1008 2831 locum
1035 2753 1195 2831 habent:
1222 2785 1307 2834 cum
1333 2773 1480 2862 partes,
1512 2787 1608 2863 quae
1628 2785 1709 2836 non
1734 2756 1952 2834 manifestae
1973 2771 2062 2832 sunt
2080 2757 2152 2834 nisi
2177 2759 2218 2834 in

629 2888 749 2990 priori
775 2899 894 2978 statu,
929 2887 968 2960 iu
985 2889 1195 2988 posteriori
1224 2913 1377 2988 qnoque
1400 2897 1632 2984 numerare,
1664 2911 1746 2964 non
1779 2882 1950 2962 videatur
1975 2913 2061 2964 cum
2088 2886 2218 2990 philo-

628 3011 786 3118 sophica
812 3015 988 3090 materiae
1018 3016 1267 3116 dispositione
1297 3016 1508 3094 convenire.
1569 3019 1615 3092 ln
1641 3043 1716 3094 ovo
1747 3016 1975 3095 foecundata
1998 3017 2124 3119 itaque
2151 3017 2220 3092 in-

631 3142 807 3236 volucra,
840 3143 916 3220 sire
939 3145 1145 3236 exteriora,
1186 3143 1265 3221 sive
1298 3142 1478 3218 interiora
1497 3187 1500 3194 ·
1516 3145 1611 3238 sint,
1652 3142 1725 3220 alia
1758 3144 1983 3247 procedente
2016 3156 2219 3245 augmento

629 3299 786 3376 prorsus
812 3271 968 3367 aboleri,
995 3271 1067 3346 alio
1093 3271 1141 3346 de
1167 3272 1315 3372 integro
1333 3270 1493 3371 produci
1511 3299 1635 3376 posse,
1660 3271 1704 3346 iis
1737 3268 1869 3354 saltem
1895 3297 1975 3348 uon
2001 3271 2218 3373 respondet,

630 3429 727 3505 quae
753 3398 867 3478 nobis
891 3415 1047 3497 natura,
1075 3401 1116 3476 in
1141 3398 1216 3475 hoc
1237 3385 1429 3500 negotium
1457 3399 1619 3489 intenta,
1645 3401 1846 3483 observare
1872 3401 1995 3499 licuit3
2030 3428 2101 3484 uec
2126 3428 2221 3480 ana-

630 3528 748 3630 logon
773 3531 956 3606 succurrit
986 3528 1098 3607 nobis
1130 3532 1290 3620 factum,
1328 3527 1361 3600 si
1393 3539 1511 3604 totam
1547 3530 1809 3632 vegetabilium
1844 3531 2104 3610 oeconomiam
2128 3558 2220 3634 pcr-

632 3657 843 3733 lostremus.
907 3661 1029 3734 Porro
1054 3657 1086 3734 si
1118 3653 1370 3761 procedamus
1406 3654 1457 3730 ad
1489 3656 1655 3760 singulas
1680 3659 1943 3756 membranas,
1979 3673 2101 3734 notae
2124 3686 2221 3762 pro-

629 3786 750 3880 fecto,
783 3814 879 3890 quae
914 3787 1005 3889 ipsis
1037 3784 1309 3887 distinguendis
1333 3785 1373 3860 in
1409 3784 1589 3862 auxilium
1622 3805 1825 3884 vocantur,
1865 3813 2001 3890 parum
2037 3783 2221 3888 praebent

631 3915 887 3990 certitudinis:
926 3915 1029 3990 unde
1056 3912 1111 3990 Cl.
1136 3914 1206 3988 Vir
1231 3914 1311 4013 ipse
1336 3912 1376 3988 in
1401 3913 1760 4032 adplicandisipsis
1786 3915 1994 3992 admodum
2020 3912 2134 3991 dubie
2155 3915 2221 3989 in-

631 4040 739 4115 cedit.
792 4041 922 4136 Qualis
948 4043 1047 4117 enirn
1081 4041 1192 4115 suerit
1217 4037 1459 4116 membranae
1485 4055 1603 4120 status
1638 4042 1882 4138 antecedens,
1917 4040 2113 4144 quomodo
2139 4042 2220 4142 ipsa

629 4183 809 4269 augeatur
833 4171 891 4245 vel
920 4172 1133 4262 minuatur,
1169 4167 1399 4271 quibusnam
1433 4169 1637 4248 involucris
1671 4171 1784 4246 suerit
1816 4171 1983 4268 inclusa,
2030 4185 2096 4248 aut
2128 4188 2223 4274 quot

629 4323 760 4372 eorum
788 4301 885 4373 intra
907 4325 946 4373 se
975 4298 1176 4389 recondat,
1208 4323 1254 4372 cx
1285 4296 1348 4372 illa
1375 4298 1457 4399 ipsa
1489 4326 1569 4372 non
1598 4311 1722 4400 potest
1748 4301 1943 4400 cognosci,
1980 4302 2045 4378 sed
2073 4319 2223 4405 oportet

626 4425 755 4528 plures
783 4425 1066 4504 observationes
1093 4424 1265 4527 praevias
1290 4453 1532 4529 comparare,
1554 4427 1658 4528 quod
1683 4451 1773 4504 vero
1798 4455 1886 4504 cum
1904 4431 2120 4533 saepissime
2142 4433 2219 4510 sive

626 4581 784 4654 prorsus
808 4569 985 4656 negatum
1010 4551 1145 4648 nobis,
1183 4553 1260 4632 sive
1286 4551 1566 4629 difficultatibus
1600 4552 1753 4656 plenum
1787 4555 1854 4652 sit,
1887 4559 2094 4636 maximnm
2131 4558 2220 4634 inde

533 4665 535 4670 ¹
630 4685 747 4757 oritur
778 4681 958 4778 dubium,
991 4709 1082 4758 num
1116 4707 1200 4760 rere
1232 4679 1407 4757 differant
1448 4679 1668 4758 Mirbelii
1701 4685 1809 4760 tertia
1852 4699 1888 4759 et
1923 4701 2076 4788 quarta,
2125 4713 2220 4790 quae
