4786 5996
1187 511 1524 564 -ιν-

674 685 792 772 Fore
826 697 998 782 tamen,
1049 674 1210 797 quibus
1242 679 1359 786 justo
1393 677 1546 766 minus
1580 679 1845 768 satislacuui
1879 679 2038 767 simu.
2092 681 2150 762 ls-

562 817 649 904 eile
689 845 977 928 auguramur:
1017 825 1066 896 et
1101 823 1208 896 sunt
1250 808 1301 894 hi
1333 807 1521 928 quidem
1554 809 1685 916 tale5‚
1730 812 1808 932 qui
1836 842 1953 896 mora
1977 841 2153 928 semper

562 948 804 1068 adpetunt,
843 939 985 1033 ml
1014 940 1220 1061 exposita
1247 955 1400 1027 autem
1430 939 1668 1030 fastidiunt
1693 976 1744 1029 ac
1770 973 1927 1030 recens
1954 941 2151 1027 observa-

560 1079 618 1164 tis
660 1111 716 1166 eo
753 1077 894 1196 magis
938 1071 1246 1193 adplaudunt,
1293 1103 1383 1190 quo
1419 1073 1559 1192 magis
1600 1107 1628 1160 a
1662 1077 1753 1182 jam
1790 1074 1907 1160 notis
1944 1073 2154 1158 recolere

562 1209 794 1296 sidentur.
875 1211 944 1295 At
979 1204 1175 1289 nimium
1212 1201 1354 1292 eheu!
1404 1235 1431 1288 a
1457 1203 1585 1289 nmis
1614 1207 1792 1313 jamjam
1822 1205 2075 1293 obruimur.
2106 1221 2155 1291 ut

564 1340 774 1427 solidiora
813 1338 1077 1442 doceamur,
1115 1334 1203 1424 hoc
1232 1365 1366 1456 opus,
1407 1333 1481 1420 hic
1510 1332 1640 1422 labor
1668 1351 1783 1440 esto,
1824 1349 1872 1424 et
1899 1336 2156 1423 etiamnunc

561 1507 668 1558 turn
700 1471 821 1557 claro
850 1471 962 1556 Viro
1002 1467 1198 1589 persuasi
1234 1497 1404 1554 sumus:
1449 1467 1709 1572 Botanicos,
1749 1467 1785 1554 si
1825 1481 2002 1554 tantmu
2028 1501 2053 1553 a
2081 1502 2156 1552 no-

565 1601 820 1690 muniendi
862 1599 1013 1690 studio
1048 1597 1279 1720 paulisper
1318 1597 1531 1688 secedant
1567 1612 1616 1688 et
1650 1600 1702 1684 in
1738 1599 1949 1688 examine
1985 1598 2159 1719 planta·

561 1769 667 1823 rum
700 1731 908 1820 alacriter
945 1743 1159 1851 pergant,
1202 1763 1254 1818 ea
1290 1729 1512 1852 perficere
1540 1760 1693 1852 posse,
1729 1765 1843 1851 quae
1871 1730 2019 1817 adhuc
2050 1731 2158 1816 desi·

561 1867 781 1954 derantm
817 1863 891 1972 (C.
926 1863 983 1952 G.
1017 1860 1212 1950 Ludtv.
1243 1861 1302 1946 in
1330 1860 1429 1982 Ep.
1459 1859 1526 1947 ad
1554 1861 1770 1950 Haller.
1797 1865 1839 1951 I.
1865 1867 1995 1974 302).
2068 1864 2161 1949 Ista

561 1999 701 2120 igitur
736 1995 851 2084 dum
896 1991 1082 2082 vitanda
1125 2008 1274 2081 essent
1313 1991 1430 2098 avia,
1473 1992 1599 2080 cordi
1635 1991 1766 2081 nobis
1801 1994 1912 2098 tuit,
1946 2008 2000 2080 ut
2025 1992 2163 2079 dubia

561 2129 861 2232 solveremus,
897 2124 978 2214 ubi
1013 2123 1184 2212 occasio
1221 2152 1270 2213 se
1299 2123 1560 2245 praeberet,
1597 2126 1749 2214 minrn
1778 2141 1933 2212 autem
1963 2139 2071 2212 nota
2098 2125 2161 2210 di·

565 2262 894 2368 lueidaremus,
932 2257 1083 2344 minus
1121 2256 1257 2344 firma
1292 2256 1612 2346 stabiliremus.
1685 2259 1757 2346 Ne
1785 2273 1944 2345 tamen
1973 2257 2071 2376 quis
2097 2257 2162 2343 id·
2305 2334 2310 2346 .

568 2395 685 2484 circo
719 2408 872 2517 putet,
913 2421 997 2478 nos
1035 2388 1291 2477 auctoritati
1320 2388 1559 2477 doctormn
1586 2390 1789 2478 u'rom
1816 2391 1981 2509 magis,
2025 2421 2162 2509 quam

564 2561 647 2651 par
674 2541 761 2632 est,
800 2523 1032 2629 tribuisse,
1075 2534 1238 2608 cuncta
1272 2556 1300 2610 e
1338 2535 1525 2611 naturae
1559 2521 1698 2644 ipsius
1725 2557 1852 2644 penu
1881 2522 2160 2642 depromere,

565 2689 882 2780 necunquam
910 2654 961 2742 in
985 2651 1168 2742 alterius
1196 2651 1337 2741 verba
1362 2656 1528 2764 imaro,
1562 2688 1648 2776 pro
1674 2654 1864 2742 modulo
1892 2667 2046 2740 nostro
2074 2653 2158 2740 ela

496 2789 503 2798 ’
565 2792 837 2883 boravimus.
902 2787 1092 2874 Errores
1120 2783 1271 2904 itaque
1300 2785 1338 2874 si
1364 2787 1444 2907 qui
1470 2788 1655 2891 adsunt,
1693 2819 1720 2872 a
1746 2784 1968 2895 iuditibus
2000 2785 2160 2903 aequis,

568 2925 647 3050 qui
687 2924 741 3012 in
782 2921 946 3011 eodem
981 2931 1169 3004 natiuae
1205 2948 1364 3038 campo
1403 2917 1688 3039 explorando
1722 2949 1817 3006 sese
1845 2930 2160 3018 exercuerunt,

564 3093 700 3181 seque
743 3083 934 3160 errasse,
978 3048 1056 3139 vel
1098 3046 1223 3136 ultro
1261 3049 1327 3139 ire
1367 3050 1637 3172 prohibitos,
1682 3084 1778 3138 non
1807 3049 1952 3140 semel
1980 3048 2160 3178 experti

564 3204 691 3297 sinit,
738 3185 873 3276 facile
911 3183 1042 3272 nobis
1079 3179 1389 3270 condonatmn
1424 3183 1482 3272 iri
1517 3183 1808 3288 confidimus,
1849 3183 2042 3306 ipsisque
2078 3211 2159 3268 nos

564 3337 829 3442 nostrosque
860 3313 1285 3440 quantulosctmque
1314 3313 1492 3408 labores
1520 3315 1682 3408 sedulo
1711 3315 2093 3405 commendamus.

677 3585 866 3672 Bonnae
897 3577 958 3667 ad
985 3575 1228 3679 Rhenum,
1256 3603 1318 3660 m.
1346 3572 1501 3696 Aprili
1524 3573 1933 3668 Mncccxxxl,

1933 3797 1994 3887 T.
