4786 5996
879 563 1169 645 ...15-

339 751 532 828 Dondia
555 754 628 854 Sp.
660 751 828 832 Pessima
857 752 970 854 hujus
995 755 1141 858 generis
1163 751 1266 856 apud
1292 751 1559 833 Neckerum
1586 757 1659 858 (El.
1683 756 1761 836 bot.
1787 761 1817 834 I.

231 887 334 979 182.)
366 881 567 982 descriptio
591 869 999 983 ipsi'Haequetiae
1029 909 1171 958 nomen
1196 909 1281 956 cum
1326 881 1593 960 Candollio
1624 887 1816 962 restituere

227 1025 338 1088 vetat
399 1013 449 1087 Et
482 1037 573 1086 sane
597 1009 655 1087 Ill.
682 1009 1003 1113 Sprengelius
1037 1037 1212 1113 quoque,
1251 1009 1343 1084 dum
1377 1011 1542 1088 fructum
1566 1013 1646 1114 ejus
1672 1018 1818 1093 descri-

227 1135 334 1213 beret
350 1165 394 1212 ac
409 1138 640 1239 pingendum
659 1155 805 1216 curaret
825 1140 974 1241 (Prodr.
987 1142 1092 1240 Disp.
1104 1136 1219 1214 Umb.
1233 1153 1294 1222 21.
1312 1137 1412 1235 Μ),
1433 1138 1555 1238 ipsum
1574 1142 1817 1220 immaturum

86 1269 96 1284 '
227 1279 313 1341 ante
339 1263 471 1340 oculos
498 1264 674 1342 habuisse
702 1269 867 1344 videtur:
906 1283 961 1344 est
986 1269 1090 1344 enim.
1112 1293 1135 1341 a
1156 1265 1270 1340 latere
1292 1291 1549 1367 compressus,
1589 1271 1816 1374 insuperque

227 1395 275 1472 ad
295 1395 582 1472 commissuram
603 1394 711 1472 valde
733 1410 961 1490 contractus,
986 1397 1037 1472 ita
1060 1407 1103 1470 ut
1125 1417 1254 1469 semen
1275 1391 1472 1494 quodlibet
1489 1399 1645 1474 seorsim
1666 1413 1817 1501 specta-

227 1537 309 1600 tum
351 1537 496 1628 partem
540 1525 808 1600 commissurae
851 1522 1051 1601 obversam
1092 1519 1230 1596 habeat
1268 1522 1538 1598 cuneiformem
1574 1526 1817 1622 rectilineum,

224 1653 381 1729 dorsum
405 1675 496 1729 vero
520 1655 834 1731 convexissimum
857 1653 925 1746 sit,
953 1651 1226 1752 dimidiumque
1245 1647 1426 1726 circulum
1450 1677 1473 1726 a
1493 1648 1577 1728 basi
1597 1655 1646 1729 ad
1665 1654 1812 1756 apicem

224 1783 423 1860 describat.
483 1783 529 1854 In
568 1778 640 1855 bac
673 1794 798 1856 autem
835 1775 1031 1882 superficie
1067 1777 1208 1853 dorsali
1244 1791 1319 1853 tres
1357 1779 1562 1858 decurrunt
1594 1757 1731 1856 tineae'
1752 1781 1812 1856 vix

223 1913 407 2009 elevatae,
440 1907 629 1990 valleculis
663 1909 865 2010 interjectis
890 1905 1134 2012 planiusculis
1159 1905 1341 1987 laevibus.
1392 1911 1506 2014 Scupi
1532 1908 1690 1988 floriferi
1715 1933 1812 2010 pro-

222 2041 358 2140 deunt,
389 2055 592 2142 antequam
618 2036 712 2114 folia
735 2051 950 2141 erumpunt.
1379 2028 1384 2038 ’

333 2298 594 2404 Eryugium
634 2313 880 2374 ternatum
919 2296 1048 2374 Poir.
1090 2297 1281 2372 rarissima
1316 2313 1372 2374 est
1405 2298 1553 2402 planta,
1595 2297 1701 2398 cujus
1740 2295 1811 2371 dc-

186 2521 189 2529 ,
219 2429 465 2531 scriptionem
495 2452 539 2502 ac
567 2429 656 2502 satis
683 2423 824 2502 bonam
848 2425 998 2520 iconem
1023 2427 1187 2526 Proep.
1225 2422 1410 2526 Alpino
1437 2424 1640 2520 debemus,
1674 2449 1810 2499 recen-

218 2557 378 2635 tioribus
391 2572 517 2632 tamen
531 2553 592 2632 vix
615 2565 721 2645 nota,
743 2553 815 2627 nisi
831 2553 929 2628 sorte
942 2552 1073 2628 eadem
1088 2567 1143 2628 est
1158 2553 1248 2654 Ery
1258 2578 1328 2653 ng.
1340 2555 1374 2628 Τ
1384 2581 1505 2629 ourn
1515 2559 1564 2630 el
1566 2553 1809 2628 ortianum

220 2681 407 2762 Sternb.
437 2685 618 2784 (Spreng.
642 2683 740 2784 Syst.
765 2683 857 2780 Veg.
882 2680 940 2754 cd.
966 2683 1067 2756 XVI.
1093 2681 1124 2756 1.
1149 2683 1271 2780 871.)
1322 2683 1355 2756 Ε
1380 2680 1588 2758 seminibus
1609 2681 1746 2784 ipsius,
1770 2680 1811 2754 in

220 2815 294 2888 Ins.
316 2813 434 2895 ,Creta
460 2837 482 2886 a
509 2805 707 2886 Siebero
735 2805 857 2900 lectis,
890 2821 1021 2884 enatae
1047 2805 1161 2883 nobis
1181 2821 1270 2883 sunt
1293 2807 1466 2910 plantae,
1503 2834 1600 2910 quae
1626 2836 1694 2913 per
1716 2807 1810 2910 plu-

218 2967 279 3016 res
319 2965 441 3016 annos
479 2939 520 3012 in
562 2934 676 3011 horto
717 2931 795 3011 hot.
829 2935 1053 3014 Wratislav.
1085 2937 1306 3036 viguerunt,
1347 2936 1580 3038 floremque,
1624 2963 1695 3013 nec
1727 2963 1808 3012 non

216 3069 378 3142 fructum
423 3065 616 3142 dederunt.
688 3063 811 3138 Radix
848 3063 1024 3164 perennis
1066 3089 1146 3138 non
1189 3063 1418 3139 stolonisera.
1480 3062 1590 3140 Folia
1629 3063 1807 3140 radicalia

215 3191 617 3289 lineari-lanceolata,
643 3192 812 3293 margine
835 3189 1247 3291 spinuloso-dentata,
1281 3178 1405 3268 nervis
1429 3191 1583 3266 minime
1600 3175 1806 3295 parallelis,
1909 3247 1921 3272 .

193 3323 281 3424 ,sed
316 3323 488 3398 ramosis.
562 3320 719 3420 Caelina
754 3321 934 3397 inferiora
980 3334 1146 3417 ternata,
1186 3321 1382 3424 superiora
1425 3317 1608 3422 simplicia
1649 3317 1823 3398 alterna„

216 3449 343 3529 Caelis
377 3465 593 3530 constanter
626 3449 808 3551 simplicis
838 3452 1010 3552 superior
1044 3475 1132 3550 pars
1164 3447 1389 3524 caerulescit.
1451 3448 1642 3524 Involucri
1674 3443 1805 3524 foliola

216 3597 354 3657 octona
386 3581 553 3682 integra,
593 3577 828 3682 longitudine
860 3577 1025 3680 capituli.
1092 3575 1225 3652 Paleae
1257 3576 1520 3680 tricuspidatae
1556 3574 1681 3680 calyce
1714 3575 1805 3652 lon-

216 3711 353 3812 giores.
405 3707 533 3784 Petale
559 3706 657 3783 alba.
706 3707 858 3784 Semina
884 3705 1000 3782 dorso
1027 3703 1231 3810 spinulosa.

328 3969 592 4074 Eryngium
630 3969 909 4071 giganteum
943 3961 1029 4055 Mu,
1058 3970 1195 4070 (Taur.
1227 3969 1340 4046 Cauc.
1373 3971 1401 4044 l.
1426 3969 1536 4068 201.)
1580 3965 1712 4042 eadem
1746 3979 1802 4040 est

211 4100 340 4205 planta
363 4127 449 4174 cum
475 4099 519 4172 E.
547 4091 840 4199 asperilolio
867 4093 1029 4172 Laroch.
1053 4099 1211 4202 (Eryng.
1230 4105 1292 4184 36.
1324 4103 1460 4194 ιη),
1493 4095 1548 4170 uti
1573 4095 1702 4170 docuit
1723 4107 1800 4168 tem

211 4231 331 4308 iconis
358 4225 561 4328 inspectio,
594 4251 709 4327 quam
736 4224 1005 4327 speciminum,
1042 4253 1206 4330 quorum
1231 4227 1375 4304 semina
1401 4227 1559 4302 amiciss.
1587 4226 1800 4302 Stcreno

212 4357 410 4450 debemus,
437 4355 669 4454 comparatio
692 4381 779 4430 cum
805 4353 888 4432 aliis
910 4354 1147 4459 autographo
1169 4356 1286 4458 ipsius
1308 4355 1363 4434 Cl.
1380 4353 1614 4432 Larochii
1637 4351 1800 4452 insigni-

147 4503 152 4514 ·
212 4490 279 4583 tis,
313 4482 478 4590 quaein
511 4478 687 4558 herbario
712 4487 949 4562 Lessertiauo
982 4483 1298 4580 examinavimus,
1329 4511 1400 4562 nec
1433 4511 1513 4562 nou
1546 4511 1632 4560 cum
1659 4480 1797 4585 plantis

213 4616 307 4692 viris
333 4613 434 4690 horti
458 4636 534 4711 reg.
549 4609 843 4689 Parisiensis.-
894 4613 950 4692 Cl.
965 4612 1238 4691 Marsehall
1264 4613 1301 4717 (l.
1317 4614 1364 4713 c.)
1390 4609 1479 4688 huic
1502 4611 1640 4714 speciei
1663 4606 1796 4684 tribuit
1857 4677 1861 4686 .

215 4741 448 4819 altitudinem
479 4737 737 4844 “orgyalem”
772 4742 794 4817 i.
815 4769 847 4818 e.
872 4742 1128 4846 serpedalem:
1165 4740 1279 4819 uobis
1307 4740 1369 4818 illa
1399 4764 1595 4842 nunquam
1627 4735 1797 4816 cubitum
