4786 5996
1244 515 1535 597 ..50-

608 708 811 809 descriptio
850 709 994 784 tructus
1030 709 1189 804 maturi,
1228 711 1294 814 qui
1332 726 1369 786 et
1405 705 1668 786 Candollio
1700 731 1782 780 non
1815 707 2001 780 satisfuit
2025 705 2197 806 cognitos

608 840 738 936 (Mem.
767 834 880 910 Omb.
902 842 979 934 63)
1000 835 1161 913 docebit.
1213 840 1310 913 Cum
1338 837 1599 940 Bnplenrinis,
1637 862 1732 938 quas
1756 835 1853 908 inter
1885 833 2198 938 Sprengelius

606 963 631 1038 l.
653 991 685 1038 c.
720 991 840 1064 genus
876 965 1096 1059 collocavit,
1134 965 1277 1042 nullam
1310 983 1409 1042 certe
1446 965 1665 1039 affinitatem
1706 960 1840 1036 habet:
1893 990 2017 1065 neque
2049 963 2197 1039 meliori

608 1089 769 1168 consilio
796 1091 944 1172 videtur
969 1123 991 1172 a
1018 1093 1280 1174 Candollio
1306 1095 1405 1168 inter
1441 1093 1684 1197 Smyrnia‚
1716 1105 1754 1165 et
1787 1090 1944 1192 quidem
1977 1097 2073 1168 inter
2102 1095 2197 1168 Ma·

609 1220 831 1322 gydarim
865 1227 911 1299 tt.
943 1229 1037 1327 (quo
1069 1227 1167 1300 inter
1203 1223 1276 1299 alia
1314 1222 1526 1325 Cachrys
1560 1222 1891 1323 panacislolia
1932 1226 1993 1322 V.)
2032 1237 2070 1298 et
2107 1223 2200 1298 Co-

609 1349 738 1426 nium
762 1377 841 1428 esse
867 1352 1103 1428 collocatum.

727 1559 929 1632 Hermas
963 1553 1142 1634 villosa
1179 1553 1253 1628 Th.
1316 1550 1582 1628 Umbellnlae
1618 1556 1786 1658 quinque
1819 1553 1870 1628 ad
1906 1567 2050 1655 septem
2086 1553 2201 1628 radiis

613 1699 777 1781 constat,
810 1711 978 1786 quornm
1004 1696 1079 1757 tres
1099 1696 1164 1757 aut
1184 1695 1349 1782 quatuor
1384 1686 1586 1762 exteriores
1608 1689 1745 1761 florem
1770 1681 2042 1776 masculinum,
2066 1684 2201 1756 caeteri

611 1829 761 1909 autem,
793 1815 895 1914 iique
928 1811 1148 1903 interiores,
1174 1807 1566 1911 hermaphroditicnm
1598 1815 1784 1888 sustinent
1807 1826 1845 1886 et
1877 1809 2090 1886 involucelli
2116 1809 2200 1886 loco

612 1943 784 2020 foliolum
812 1942 965 2016 unicum
993 1938 1244 2016 lanceolarum
1280 1937 1352 2014 sibi
1378 1939 1595 2041 adpositum
1621 1938 1773 2016 habent.
1835 1940 2091 2015 Florescentia
2112 1965 2203 2042 per-

613 2087 695 2146 acta
716 2072 831 2146 flores
852 2065 1051 2144 masculini
1075 2066 1267 2158 defluunt,
1307 2092 1385 2167 quo
1415 2069 1511 2143 radii
1534 2069 1761 2146 umbellulae
1786 2067 1987 2145 exteriores
2015 2068 2204 2170 longiores

612 2213 726 2299 atquc
751 2197 915 2270 truncati
949 2194 1142 2296 adparent
1208 2191 1420 2294 Utrumqn’e
1456 2197 1621 2296 cujusvis
1656 2197 1805 2273 flosculi
1837 2226 1965 2274 semen
2000 2199 2203 2298 perfici-tur,

614 2326 791 2429 idemque
817 2322 1076 2422 magnitudine
1102 2336 1144 2396 ut
1179 2322 1462 2446 Pastinnacae
1499 2329 1707 2423 sativae,
1750 2356 1773 2403 a
1798 2328 1916 2404 dorso
1941 2340 2067 2403 antem
2092 2352 2203 2400 com-

613 2481 785 2556 pressum
809 2467 863 2528 est
889 2465 926 2526 ct
950 2451 1027 2524 sere
1051 2448 1228 2552 planum,
1268 2450 1369 2522 tenui
1402 2452 1768 2560 membranaceoque
1798 2457 1968 2556 margine
1990 2453 2204 2530 circumda-

615 2596 717 2674 tum,
752 2579 897 2656 ambitu
935 2577 1240 2668 subrotundnm‚
1280 2605 1365 2649 cum
1404 2581 1569 2656 incisura
1594 2583 1903 2677 tamen'baseos,
1936 2582 2036 2658 linea
2067 2581 2205 2660 elevata

617 2723 723 2782 acuta
752 2707 791 2783 in
823 2707 951 2782 medio
977 2704 1103 2800 dorsi,
1140 2704 1245 2781 sulco
1271 2705 1534 2808 longitudinali
1560 2723 1683 2796 autem
1708 2714 1749 2788 in
1774 2715 2023 2789 commissura
2048 2740 2205 2815 percur-
2261 2751 2267 2764 ·

617 2838 730 2928 sum‚'
748 2839 815 2936 qui
841 2839 986 2938 apicem
1013 2859 1144 2909 versus
1170 2835 1369 2928 evanescit,
1395 2833 1538 2911 corolla
1565 2841 1783 2938 persistente
1809 2857 2045 2938 coronatum,
2069 2845 2108 2918 in
2134 2871 2203 2918 su-

614 2959 765 3066 perficie
784 2965 887 3039 venis
912 2959 1170 3080 reticulatum&
1186 2968 1425 3068 caeteroquin
1448 2966 1635 3070 glabrum.
1687 2969 1809 3046 Villae
1832 2973 1871 3048 in
1898 2975 2062 3050 sectione
2078 2989 2203 3050 ωηε-

616 3089 750 3167 versati
778 3089 903 3166 nullae
928 3095 1120 3193 adparent.

730 3273 1184 3376 Hermasvcapitata
1217 3273 1289 3350 Th.
1342 3273 1580 3355 Umbellulae
1614 3233 1924 3376 5-6radiataes
1952 3285 2066 3363 radiis
2103 3287 2204 3362 duo-

618 3397 710 3494 bus,
743 3403 864 3477 rarius
892 3399 1013 3476 tribus
1039 3401 1266 3477 centralibns
1299 3406 1543 3500 scminiferis',
1574 3410 1729 3483 caeteris
1751 3412 1936 3502 masculis,
1986 3413 2205 3492 Involucelli

618 3527 748 3604 foliola
776 3529 854 3604 duo
882 3527 939 3607 vel
965 3529 1036 3602 tria
1063 3527 1287 3604 umbellulae
1314 3529 1559 3634 longitudine.
1609 3540 1768 3614 Fructus
1792 3568 1906 3641 quam
1926 3545 1972 3616 Η.
2002 3542 2205 3636 villosae

620 3653 737 3756 duplo
758 3638 897 3752 minor,
924 3673 1110 3732 caeterum
1130 3659 1201 3759 ipsi
1228 3660 1371 3756 similis,
1398 3661 1592 3740 deficiente
1614 3678 1740 3742 tamen
1765 3667 1899 3745 baseos
1923 3675 2206 3774 enrarginatnrs.

736 3854 940 3931 Hermas
982 3833 1406 3957 quinquedelttata
1440 3860 1511 3937 Th.
1576 3864 1817 3942 Involucrum
1849 3870 2005 3970 partiale
2040 3873 2124 3946 tri·
2158 3874 2205 3948 ad

625 3981 933 4085 pentaphyllum,
982 3985 1218 4086 longitudine
1271 3987 1507 4068 umbellulae.
1582 3997 1743 4071 Fructus
1787 4025 1872 4072 cum
1915 4002 1962 4074 Η.
2004 3999 2207 4076 villosae

622 4113 778 4206 iterum,
805 4113 931 4217 quoad
958 4113 1275 4213 magnitudinem,
1302 4121 1546 4220 conueniens,
1572 4119 1653 4198 basi
1675 4127 1856 4230 apiceque
1881 4143 2050 4225 retusus,
2071 4159 2207 4234 super-

622 4239 704 4313 ficie
734 4232 943 4346 rugulosus.

746 4422 1018 4526 smyrnium
1055 4428 1306 4507 cordatum
1336 4437 1478 4512 Walt.
1515 4440 1569 4538 (S.
1596 4435 1890 4512 trifoliatum
1917 4439 2041 4516 Nntt.
2076 4443 2207 4516 Zizia

623 4553 826 4629 cordata
870 4553 1009 4630 Cand.
1062 4555 1223 4655 Prodr.).
1291 4558 1354 4634 Ab
1395 4566 1489 4658 isto,
1538 4569 1642 4670 quod
1685 4565 1845 4670 floribus
1884 4581 1939 4642 est
1987 4567 2115 4663 luteis,
2155 4569 2207 4646 Cl.

452 4679 469 4761 t,
623 4682 948 4786 Sprengelius
973 4683 1064 4760 olim
1092 4689 1172 4790 (Sp.
1200 4686 1313 4764 Umb.
1337 4693 1427 4767 min.
1452 4721 1562 4796 cogn.
1586 4700 1661 4798 28.)
1688 4702 1772 4775 Sm.
1799 4712 2208 4800 atropnrpurcnm
